2812 5242
338 468 698 537 saruaNatroauaa
724 467 802 533 LlB.
825 470 866 535 Il.
896 470 986 537 GAP.
1011 472 1047 537 V.
1207 480 1270 543 Μ

94 640 234 705 debatur.
279 638 462 703 Amnaonuit
483 645 569 721 pater
591 636 721 721 scriptor
764 639 894 717 l'ideret,
927 654 1070 726 quamam
1093 645 1170 708 inter
1194 647 1270 711 duae

89 725 248 812 principes
267 724 398 807 sentinas
420 726 576 787 interesset.
617 722 781 805 Eleganter
810 723 860 787 illa
889 726 1058 810 rescripsit:
1090 730 1131 791 Εἰ
1152 728 1188 793 te·
1209 752 1268 795 me-

93 832 160 875 cam
177 830 262 873 cenes
276 808 357 891 sient
402 808 517 871 Eadem
539 807 618 871 lulia
637 816 755 873 mature
773 807 886 874 haltere
906 820 1048 895 coeperat
1067 834 1168 889 canos,
1189 812 1299 899 qnos’l

93 894 196 978 legere
224 900 342 956 secrete
369 892 494 957 solebat.
540 892 667 956 Sulaitus
696 893 882 959 interventus
908 895 1001 979 patris
1025 897 1189 981 aliquando
1213 922 1268 984 op·

94 978 207 1065 pressit
231 976 406 1040 amatrices.
454 976 666 1041 Dissimulavit
690 983 848 1061 Augustus
875 979 1071 1063 deprehensis
1099 1003 1191 1067 super
1218 1005 1267 1048 re-

96 1072 174 1127 stem
201 1082 303 1127 earum
333 1061 431 1124 carris:
464 1069 495 1126 et
521 1061 588 1125 aliis
612 1062 805 1128 sermonibus
827 1072 963 1148 tempore
985 1074 1120 1129 extracto
1149 1066 1269 1133 induxit

95 1147 204 1213 aetatis
227 1146 426 1221 mentionem,
449 1145 706 1230 interrogavitque
731 1148 832 1225 liliam,
856 1158 959 1213 utrum
983 1158 1052 1233 post
1074 1151 1192 1235 aliquot
1213 1173 1266 1216 an-

95 1252 150 1297 nos
179 1252 254 1295 canu
279 1252 346 1295 esse
370 1231 472 1295 mallet
500 1251 538 1294 an
568 1232 663 1295 calva:
698 1240 820 1296 etcum
845 1232 894 1296 illa
917 1234 1137 1318 respondisset:
1173 1238 1316 1321 quqaeal

90 1330 194 1405 pater,
216 1339 294 1381 cana
316 1339 375 1380 esse
394 1319 488 1391 attala,
508 1315 552 1378 sic
570 1316 612 1378 illi
635 1316 824 1380 mendacium
842 1317 972 1381 olaiecit:
994 1322 1077 1395 (laid
1099 1343 1167 1405 erqo
1193 1324 1267 1386 istae

94 1417 121 1469 te
141 1404 256 1467 caleam
281 1414 341 1464 tam
371 1404 426 1465 ca'to
448 1402 586 1547 peciam?
636 1399 712 1464 ltem
736 1423 805 1466 curn
831 1422 951 1485 gravem
976 1404 1107 1467 ataricum
1132 1404 1295 1471 audissetll

94 1488 171 1552 lulia
193 1486 372 1550 suadentem
400 1507 448 1549 me
461 1486 508 1549 ius
531 1484 677 1550 iacturam
703 1485 727 1549 si
755 1508 788 1551 se
814 1508 872 1550 con
895 1486 1026 1551 osuisset
1050 1488 1087 1551 nd
1114 1490 1267 1574 exemplar

94 1580 238 1657 patemao
267 1570 458 1653 frugalitatis,
489 1570 547 1634 ait:
581 1571 634 1634 llle
655 1572 839 1635 obliviscitur
862 1508 1015 1636 (laeseram
1043 1597 1074 1637 se
1101 1596 1178 1640 esse:
1213 1597 1265 1659 epa

94 1658 218 1721 meaniai
236 1678 282 1720 mc
303 1657 439 1721 Caesaris
454 1656 558 1740 filiam
616 1656 757 1751 Curtaque
780 1656 893 1720 conscii
916 1656 1097 1739 llagitiorum
1119 1658 1293 1723 miraren-ll

94 1750 145 1807 tur
172 1742 329 1825 quomodo
355 1740 469 1804 similes
495 1738 649 1823 Agrippae
674 1738 751 1803 filios
777 1749 895 1824 pareret
917 1750 1077 1826 quactum
1098 1743 1188 1825 vulgo
1209 1766 1264 1827 po-

96 1834 234 1891 testatem
259 1826 396 1909 eorporis
418 1825 465 1888 sui
488 1822 612 1900 lacerat,
636 1824 693 1888 ait:
725 1826 895 1912 ll‘arnqamn
912 1829 991 1891 enain
1008 1829 1071 1891 nr'si
1087 1822 1162 1893 arraei
1172 1830 1265 1925 plena

95 1913 160 1976 talla
180 1925 332 1976 sectorem.
386 1910 492 1974 Simile
513 1909 628 1973 dietum
648 1909 796 1992 Populiae
818 1910 913 1975 Marci
936 1912 1023 1987 saliae,
1045 1933 1123 1995 (quae
1143 1912 1315 1978 anunntild

95 1995 224 2070 cuidam,
248 1996 320 2079 quid
344 2004 425 2058 esset
447 2001 634 2079 quapropter
655 1993 731 2058 aliae
754 1996 868 2059 bestiae
886 2016 1053 2080 numquam
1075 2018 1188 2061 marem
1211 1998 1263 2061 de-

95 2080 261 2144 siderarent
285 2079 344 2143 nisi
371 2100 441 2144 cum
468 2085 666 2165 praegnantes
690 2079 800 2145 vellent
829 2080 909 2159 sacri,
943 2080 1113 2165 respondit:
1147 2082 1265 2149 Bestiae

96 2166 172 2230 earm
192 2176 268 2231 mat.

888 2349 958 2402 Edd.
978 2348 1194 2417 vteaagspazoq

96 2434 208 2484 debatur
226 2430 326 2482 BGl'v.
343 2460 376 2472 -
399 2439 429 2485 et
449 2434 499 2485 illa
518 2432 568 2484 BG
584 2432 618 2498 (S
636 2430 664 2483 in
681 2448 738 2499 mg.
756 2432 793 2483 al.
809 2432 902 2493 lulia).
928 2461 956 2471 -
981 2434 1088 2500 scripsit
1106 2433 1134 2485 S.
1237 2440 1264 2485 7.

95 2508 197 2551 secreta
213 2498 318 2566 ase-g.
338 2525 369 2536 -
386 2508 480 2552 certem
497 2503 570 2552 eiua
587 2501 667 2552 a-lal’.
686 2500 737 2563 „ln
748 2500 800 2549 sta.
817 2507 879 2550 arnt
896 2517 996 2565 earam,
1014 2501 1126 2552 seilicet
1143 2500 1266 2552 ornatri-

96 2583 169 2618 eam.
203 2566 364 2617 Praecessit
385 2568 458 2619 enirn
479 2568 651 2619 ornatricum
669 2567 866 2617 roealmlum.“
891 2568 970 2618 Pant.
1002 2594 1036 2606 —
1066 2568 1168 2633 aliquot
1192 2569 1264 2620 dica

95 2640 172 2701 (rup-
191 2636 290 2699 aanor)
308 2634 342 2685 G.
363 2660 397 2673 ·-
421 2653 457 2686 aa
474 2638 584 2687 calaum
601 2636 633 2685 d.
649 2662 683 2673 -
710 2635 761 2685 illa
778 2652 831 2684 nna.
850 2651 876 2685 r.
909 2636 958 2686 ille
980 2634 999 2685 i.
1021 2661 1052 2671 —
1077 2635 1264 2699 responderet

94 2702 140 2754 Sa.
162 2727 195 2741 ··
219 2703 270 2753 ille
288 2702 364 2767 (cup.
380 2703 404 2768 i)
421 2702 453 2753 B.
556 2707 581 2752 8.
604 2706 742 2768 facturam
760 2718 814 2752 aar.
834 2702 865 2752 P.
894 2705 1029 2766 suturam
1047 2701 1145 2751 BGP2.
1175 2704 1265 2763 sata-

92 2786 159 2821 raar
176 2769 224 2820 Pa.
242 2795 276 2807 -
292 2771 328 2819 ad
346 2770 471 2837 exempla
489 2786 514 2821 r.
533 2798 567 2809 —
585 2786 625 2823 me
642 2785 696 2821 am.
715 2768 744 2819 S.
813 2774 839 2820 9.
859 2770 936 2834 filiae
950 2775 1133 2836 procrearet
1151 2784 1212 2834 r-g.
1229 2792 1263 2807 -

93 2838 135 2955 qai
151 2836 267 2954 earpage
284 2836 363 2889 c-lal'.
382 2864 415 2875 ·-
441 2837 514 2891 talla
531 2837 560 2891 V.
664 2841 705 2887 lt).
733 2838 836 2889 martie
853 2842 930 2904 (cup.
948 2838 985 2897 aa]
1005 2836 1039 2887 G.
1058 2863 1091 2875 -
1106 2852 1264 2904 praegnan-

105 2920 132 2956 ea
148 2920 208 2955 cam
251 2938 259 2953 .

128 3058 155 3103 7.
191 3068 268 3121 caper
284 3060 380 3105 certem
403 3052 506 3121 earam]
523 3054 584 3105 lloe
600 3070 654 3105 non
703 3058 801 3106 ventre
826 3052 974 3115 habuerit,
1003 3051 1127 3119 recipere
1152 3053 1264 3105 adulte-

95 3128 245 3171 cxeaeatur
275 3122 388 3187 quidem
420 3138 453 3172 ea
488 3123 560 3187 qnod
595 3123 655 3173 col·
704 3139 782 3188 rnen,
803 3138 883 3188 quem
902 3120 1264 3172 nomiaaaectarieiatelli-

95 3187 198 3239 lectica
221 3204 302 3254 quem
321 3192 422 3239 cocant
445 3205 528 3239 aenea
551 3189 655 3239 dicitur
704 3190 756 3256 git.
853 3190 952 3239 Naaim
980 3192 1073 3238 nutam
1101 3204 1151 3253 pre
1179 3187 1264 3239 laorta

95 3258 224 3324 stragula
240 3258 338 3319 vestie,
354 3263 404 3307 ent
420 3255 493 3321 (Cic.
514 3274 539 3323 p.
556 3256 653 3307 Plane.
706 3256 837 3307 muliebri
857 3256 1048 3321 metaphorice
1065 3254 1155 3320 accipi
1178 3254 1263 3320 inque

96 3326 140 3384 ln,
156 3328 213 3383 29.)
231 3341 297 3389 quaa
313 3325 409 3375 videtis
436 3332 510 3376 ueste
530 3332 655 3375 mutatae
703 3323 851 3373 allamannia
876 3322 976 3373 haberi
1001 3322 1091 3385 liquet
1114 3339 1147 3371 ex
1169 3320 1264 3373 Plauti

94 3391 143 3441 aad
163 3397 254 3441 tamen
273 3399 386 3460 propter
402 3391 540 3441 eiusmodi
555 3391 656 3440 dictio·
704 3391 879 3442 Menaechm.
901 3388 955 3454 [ll,
973 3394 1003 3443 3.
1022 3388 1087 3453 50.].
1123 3388 1263 3440 l'idendae

96 3474 145 3509 nar
175 3458 231 3509 lroc
263 3459 319 3510 ribi
355 3458 508 3509 iadalairee
543 3458 655 3509 videtur
703 3459 788 3509 etiam
811 3456 925 3522 Lipsiae
942 3455 1062 3521 Epistol.
1086 3461 1191 3519 qnacat.
1213 3455 1262 3506 lita.

95 3524 267 3577 Macrobius.
704 3525 735 3589 ll,
754 3543 797 3591 ep.
816 3528 842 3574 3.
861 3532 889 3574 et
908 3523 1028 3573 maxime
1046 3521 1170 3573 Andreae
1187 3522 1262 3573 Lau-

127 3598 153 3643 o
196 3601 326 3660 paternae
361 3591 549 3659 frugalitatis]
584 3590 654 3657 ,tia
704 3593 811 3643 reatina
839 3589 976 3642 litant.
1005 3589 1113 3640 [lictor.
1139 3595 1261 3641 anetam.

94 3656 211 3711 Sueten.
229 3659 328 3711 Oetae.
345 3664 456 3723 tsscqq.
703 3666 811 3726 quaeat.
839 3662 898 3721 22,
931 3656 981 3707 ulai
1012 3673 1113 3708 carrena
1138 3658 1263 3721 adducit,

127 3731 153 3777 9.
198 3728 349 3793 Νυπιᾳυαπι
386 3727 439 3776 arisi
473 3725 539 3776 navi
573 3726 654 3791 plena
704 3743 753 3777 car
776 3728 860 3775 laetata
883 3724 1001 3791 gravida
1018 3740 1123 3774 marem
1141 3741 1194 3775 raon
1213 3726 1264 3775 ad-

94 3795 159 3847 talla
196 3794 337 3859 vectorem]
377 3792 481 3858 „Caep
518 3793 655 3844 Bartlaiua
705 3793 818 3844 mittant
838 3799 868 3842 ut
894 3793 967 3841 inter
983 3791 1109 3841 lramiaea
1129 3792 1263 3841 malier.“

95 3862 212 3913 Adsere.
230 3862 279 3911 lib.
298 3860 440 3922 xxxam,
461 3876 520 3927 cap.
539 3865 564 3911 a.
590 3875 655 3925 pra·
705 3862 791 3913 Pana.
815 3888 847 3898 -
879 3858 1055 3909 Taulamana.
1082 3858 1115 3907 ad
1141 3856 1262 3907 Rudent.

94 3928 163 3980 bara
188 3928 259 3980 milri
289 3929 364 3978 lraad
397 3944 535 3993 quaquam
562 3930 655 3993 pateat
704 3928 741 3988 ll,
756 3930 783 3992 3,
799 3930 843 3976 24.
860 3925 1004 3976 adnotavit
1021 3925 1073 3974 illo
1086 3923 1264 3975 lllenaeelrml

95 4010 157 4047 eam
174 4013 238 4047 cece
257 3998 405 4046 reelaornm
425 3996 525 4046 barram
542 4002 655 4045 centen-
705 3997 767 4046 loco
791 3993 917 4059 intelligi
946 3992 1096 4042 aaccnlaaru
1124 3997 1152 4040 et
1179 3990 1264 4055 pelli·

94 4062 178 4127 tiana,
205 4071 352 4127 uteretur,
379 4063 447 4113 lieet
464 4080 497 4114 ca
520 4063 655 4127 aanlaigna
704 4061 838 4123 oemunt
854 4060 968 4110 Erotium
986 4057 1110 4121 quaerite
1131 4058 1217 4135 §aare
1233 4064 1264 4109 ta

94 4146 147 4182 rax
170 4131 222 4193 rit,
250 4139 278 4182 et
300 4131 381 4182 rancido
405 4148 469 4181 eum
494 4130 541 4195 qni
567 4128 655 4192 vehit,
704 4131 769 4182 mihi
784 4145 896 4180 navem
912 4122 1028 4175 aanor?
1044 4122 1184 4174 clettam
1200 4123 1263 4175 lrlil.

94 4199 177 4249 meda
195 4198 242 4264 qui
262 4198 390 4263 relrltur,
408 4198 589 4265 significant,
607 4196 656 4247 laic
705 4198 763 4260 lll,
782 4200 812 4255 3,
830 4199 887 4255 42.;
904 4190 1079 4243 lllaerolaium
1098 4190 1203 4242 comm.
1225 4192 1263 4255 ll,

95 4268 269 4318 nararclaum
287 4273 378 4318 notet:
396 4266 533 4331 quasique
549 4264 654 4313 dictum
707 4267 747 4329 14,
757 4268 781 4314 a.
799 4265 831 4315 aa
846 4264 872 4312 ia
887 4261 951 4312 aeni
966 4260 1072 4311 sarcina
1089 4276 1135 4310 aea
1152 4267 1264 4311 vector

95 4334 219 4385 valuerit
250 4334 323 4385 lulia
358 4351 389 4384 ae
422 4349 474 4383 nan
507 4331 657 4383 admittere
707 4328 904 4398 quiescene‚ulai
921 4326 976 4378 rid.
994 4332 1066 4390 nat.;
1084 4327 1209 4380 lllartial.
1225 4325 1263 4391 11,

97 4415 161 4451 aem
181 4400 229 4467 qni
251 4408 330 4468 pater
348 4407 425 4451 earet
449 4401 572 4460 luterens,
600 4398 656 4450 aiei
708 4402 805 4460 lt‚l't.
827 4398 929 4463 Perque
948 4405 1036 4456 tuam,
1055 4396 1265 4448 ceetarlaeci·

96 4466 284 4533 priuaalicno
302 4485 454 4535 congressu
472 4465 658 4517 cntintalilal·
706 4483 751 4528 ce,
785 4466 918 4532 paellam3
959 4464 1132 4528 interpretes
1163 4462 1265 4512 l‘etro-

98 4535 179 4599 diae3
210 4552 270 4587 cam
288 4538 401 4588 omnino
419 4534 588 4585 contrarium
608 4550 656 4583 vc·
707 4533 746 4584 aii
768 4533 801 4583 ad
820 4550 843 4583 e.
866 4535 922 4581 103.
951 4532 1023 4582 Unus
1036 4534 1266 4593 sartceaecta·

97 4601 150 4667 lit,
184 4620 216 4655 ee
242 4606 377 4656 nimirum
410 4619 464 4654 nan
493 4601 549 4653 niai
576 4600 657 4667 plena
706 4602 814 4663 ailae,
839 4606 867 4650 at
892 4598 926 4647 ad
948 4615 972 4648 c.
993 4602 1050 4647 lot.
1075 4598 1160 4658 Quam
1179 4595 1265 4644 amaia

96 4672 173 4733 aaut,
203 4670 231 4723 te
254 4678 299 4723 eat
322 4680 402 4723 utera
422 4672 478 4723 iarn
502 4686 536 4721 ex
561 4666 659 4719 mariti
706 4676 822 4719 vectae
847 4666 916 4715 nilait
942 4666 1016 4730 princ
1042 4668 1153 4727 quaerat
1185 4676 1265 4726 quam

97 4754 146 4791 ean
170 4738 298 4791 rcerione
315 4740 432 4805 impleta
446 4739 608 4801 clausoque,
620 4739 659 4797 et,
707 4736 781 4787 caiae
798 4750 825 4784 ac
843 4732 893 4782 dili
916 4732 1003 4782 entiae
1022 4728 1124 4780 tradat.

97 4812 129 4859 ut
167 4806 285 4875 oquitur
310 4806 514 4875 Hippocraten,
546 4802 595 4855 alrl
627 4800 657 4855 la
742 4805 785 4854 1⁰.
816 4746 959 4867 Pcpnliae]
985 4795 1169 4849 ttae-acmen
1186 4793 1267 4849 rlrla-
