2812 5242
354 32 364 43 v

50 31 1340 344 ψ

369 78 375 91 ἱ

305 465 667 534 SATURNALIORUM
691 466 769 531 LlB.
795 469 836 537 ll.
865 467 955 533 CAP.
983 468 1067 534 Vlll.
1212 474 1275 541 259

103 655 251 718 mumque
279 635 455 699 consistere.
501 632 767 717 Congregieudum
791 634 883 717 igitur
911 642 941 699 et
966 644 1120 722 tamquam
1149 640 1180 703 in
1211 642 1305 708 aciei)

102 720 235 804 quadam
260 740 330 783 cum
356 717 534 803 voluptariis
562 718 654 783 rebus
677 738 810 800 cumque
839 718 894 782 ista
919 719 979 783 sini
1000 721 1121 786 licentia
1146 726 1273 790 commi-

101 825 160 868 nus
183 803 427 880 decernendum‚
457 811 493 866 ut
515 802 658 867 adversus
683 822 735 866 eas
758 823 820 865 non
844 800 915 885 luga
942 823 997 866 nec
1020 806 1273 875 absentissimus

100 889 175 963 tuti,
208 888 259 951 sed
291 888 394 971 vigore
421 886 513 952 animi
543 896 574 950 et
598 886 748 950 constanti
775 886 943 970 praesentia
967 887 1187 973 moderatoque
1213 913 1272 959 usu

99 972 328 1056 temperantiam
349 971 631 1054 continentiamque
648 978 799 1046 tueamur,
814 979 845 1032 et
865 970 1011 1036 calelacto
1030 973 1120 1036 simul
1141 973 1322 1060 relato-[acet

99 1078 161 1141 que
185 1057 297 1133 animo,
317 1057 342 1119 si
363 1057 437 1140 quid
460 1056 489 1119 in
512 1077 549 1120 eo
570 1056 616 1120 vel
638 1054 764 1139 frigidae
785 1054 926 1120 tristitiae
944 1057 990 1120 sel
1014 1057 1163 1141 torpentis
1185 1080 1268 1124 vere·

97 1141 226 1215 cundiae
248 1141 354 1216 luerit,
375 1142 536 1204 diluamus.

183 1225 261 1301 Sed,
294 1226 365 1308 quia
388 1225 578 1308 voluptatum
601 1223 727 1288 lecimus
748 1224 947 1300 mentionem,
978 1225 1067 1290 docet
1087 1226 1268 1292 Aristoteles
1282 1229 1321 1291 10

98 1309 249 1391 aquibus
271 1310 478 1393 voluptatibus
505 1309 544 1372 sit
572 1309 749 1372 cavendum.
795 1308 942 1392 Quinque
970 1311 1049 1373 enim
1076 1319 1148 1373 sunt
1172 1309 1268 1373 bomi-

98 1412 170 1455 num
193 1414 314 1468 sensus,
345 1415 423 1477 quos
445 1393 551 1458 Graeci
576 1389 745 1475 αἰσθήσεις
768 1392 933 1474 appellant,
957 1414 1009 1478 per
1050 1414 1107 1458 uos
1131 1394 1269 1477 voluptas

97 1476 200 1540 auimo
224 1485 278 1540 aut
306 1478 427 1561 corpori
456 1478 562 1560 quaeri
591 1477 723 1552 videtur,
753 1483 853 1539 tactus
878 1486 985 1573 gustus
1013 1414 1160 1542 olloratus
1188 1479 1269 1543 visus

96 1561 228 1624 auditus.
272 1562 320 1624 Ex
349 1562 395 1625 bis
423 1561 565 1625 omnibus
593 1561 748 1645 voluptas,
784 1581 863 1644 quae
886 1562 1036 1625 inmodice
1062 1563 1197 1645 capitur,
1234 1563 1315 1627 call

96 1645 195 1728 turpis
223 1653 315 1729 atque
344 1646 472 1729 inproba
502 1653 556 1709 est.
602 1645 763 1710 Sedenim
787 1666 865 1728 quau
888 1645 981 1709 nimia
1003 1667 1039 1709 ex
1062 1656 1153 1730 gustu
1176 1656 1269 1731 atque

97 1735 181 1792 tactu
203 1738 263 1804 est,
293 1750 328 1792 ea
354 1731 445 1812 igitur
469 1729 587 1813 gemina
609 1730 767 1813 voluptas,
793 1729 872 1792 sicut
894 1730 1045 1814 sapientes
1068 1730 1122 1794 viri
1143 1751 1268 1794 censue·

96 1821 179 1889 runt,
198 1813 333 1877 omnium
357 1835 457 1878 rerum
479 1813 653 1877 foedissima
671 1823 733 1878 est:
751 1833 866 1897 eosque
884 1814 1014 1877 maxime
1033 1815 1086 1899 qui
1109 1835 1174 1878 sese
1194 1815 1267 1878 dua-

95 1895 154 1960 bus
181 1897 245 1960 istis
274 1898 481 1981 voluptatibus
502 1898 684 1961 dediderunt
707 1896 873 1981 gravissimi
893 1897 958 1961 vitii
982 1898 1137 1962 vocabulis
1158 1898 1266 1962 Graeci

95 1980 337 2064 appellaverunt,
366 1982 411 2046 vel
434 1978 583 2065 ἀκρατεῖς
602 1983 648 2046 vel
672 1976 887 2056 duoldoeovs:
913 2003 970 2047 nos
992 2003 1044 2046 eos
1067 1983 1112 2047 vel
1137 1982 1266 2046 inconti-

94 2073 201 2127 nentes
231 2065 358 2128 dicimus
385 2067 429 2130 vel
456 2066 701 2149 intemperantes.
749 2066 827 2129 lstas
853 2074 954 2129 autem
984 2065 1154 2161 voluptates
1179 2067 1317 2143 duas‚l2

95 2156 203 2231 gustus
226 2156 318 2295 atque
338 2157 446 2224 tactus,
472 2150 500 2212 id
524 2159 570 2213 cst
592 2151 651 2213 cibi
674 2158 706 2214 et
725 2149 862 2223 Veneris,
881 2149 961 2211 solas
983 2148 1159 2212 hominibus
1181 2170 1265 2214 eom·

96 2252 203 2296 munes
226 2233 254 2296 vi
278 2252 365 2294 emus
388 2252 453 2294 essu
476 2253 543 2294 cum
568 2233 684 2308 beluis,
705 2232 867 2296 etidcirco
888 2233 919 2295 in
942 2233 1094 2317 pecudum
1116 2231 1264 2298 lerorum-

96 2335 157 2411 que
177 2315 353 2378 animalium
376 2335 505 2378 numero
528 2315 657 2379 babetur
678 2316 816 2410 quisquis
838 2323 883 2378 est
904 2316 952 2379 his
973 2314 1104 2380 terarum
1127 2317 1198 2381 volu
1252 2355 1265 2367 ·

95 2400 177 2463 obus
197 2410 379 2481 occupatus:
402 2406 519 2461 ceterae
542 2420 579 2461 err
601 2399 698 2462 tribus
719 2399 785 2461 alirs
806 2399 944 2461 sensibus
962 2400 1187 2481 proficiscentes
1200 2339 1264 2463 bo·

94 2483 211 2546 minum
242 2490 360 2545 tantum
393 2482 532 2566 propriae
564 2490 644 2544 sunt.
699 2483 798 2544 Verba
826 2481 998 2563 superbae
1031 2503 1063 2545 re
1089 2484 1315 2547 Aristotelisld

95 2566 269 2651 philosophi
292 2567 321 2629 in
344 2566 476 2629 medium
499 2564 663 2650 proferam,
692 2564 819 2648 utquid
845 2565 882 2628 de
904 2564 951 2628 bis
972 2565 1134 2630 infamibus
1156 2567 1263 2651 uolup-

94 2651 209 2715 tatibus
227 2660 289 2715 tam
308 2653 407 2715 clarus
428 2658 520 2733 atque
540 2649 668 2734 inclytus
689 2649 735 2714 vir
757 2648 866 2713 sentiat
886 2649 1073 2732 publicetur:
1094 2645 1160 2713 Διά
1178 2651 1211 2712 et
1231 2649 1265 2714 ot
1277 2650 1314 2713 ll

96 2731 178 2800 κατὰ
192 2732 252 2818 τὴν
268 2738 324 2818 τῆς
343 2730 429 2820 ἁφῆς
446 2732 466 2818 ἢ
487 2730 626 2818 γεύσεως
645 2728 769 2817 ἡδονὴν
791 2730 1002 2815 ἐγγενομένην
1025 2730 1082 2796 ἐὰν
1103 2729 1263 2816 ὑπερβάλ-

887 2919 957 2970 Edd.
978 2918 1193 2987 ricabgepdeb]

94 3004 185 3055 sistere
203 3005 281 3054 Ps-z.
384 3008 409 3055 9.
441 3004 594 3071 quominus
613 3002 672 3054 Sar.
700 3031 732 3040 -
760 3003 844 3053 animi
860 3005 953 3071 nigore
971 3019 1033 3067 v-g.
1056 3030 1091 3041 -
1117 3003 1264 3053 deluuntur

95 3071 170 3120 Gell.
207 3072 355 3121 abluamus
370 3071 432 3121 Sar.
537 3076 575 3121 10.
605 3072 658 3120 Sed
692 3072 810 3121 uoniam
830 3072 908 3120 e-bl'.
931 3070 1157 3120 -dieitl'.-
1181 3070 1263 3133 Quiu-

95 3154 146 3204 que
163 3171 188 3187 ..
205 3131 353 3202 ἐπιληψίαν
371 3141 401 3201 (5
422 3139 487 3205 lm]
507 3137 548 3188 Cl.
567 3137 641 3188 Gell.
689 3171 695 3185 .
715 3138 744 3187 Α.
765 3137 837 3194 xlx,
861 3141 886 3186 2.
908 3162 940 3172 —
959 3137 1062 3185 etenim
1080 3135 1160 3184 s-bl’.

95 3208 137 3254 11.
169 3206 210 3254 Ετ
229 3205 265 3254 iis
287 3204 314 3254 vi
333 3205 406 3255 Gell.
433 3234 466 3244 -
489 3207 645 3272 improbate
665 3220 684 3270 g
706 3204 733 3254 in
758 3220 814 3268 mg.
835 3227 871 3239 ·-
896 3219 927 3253 ee
947 3203 1069 3265 voluptas
1090 3202 1158 3262 (om.
1179 3202 1264 3267 igitur

117 3272 216 3327 Μῖνα)
235 3287 293 3335 ⁰·s·
318 3300 353 3310 -
373 3274 530 3336 foedissima
550 3279 624 3338 (sup.
643 3273 706 3321 add.
722 3276 773 3328 eat)
795 3270 828 3320 (l.
853 3295 887 3306 -
915 3268 1088 3332 appellavere
1105 3267 1160 3317 BG.

94 3286 136 3386 lb
158 3339 226 3386 dues
239 3339 386 3403 voluptates
396 3340 430 3390 G.
450 3367 475 3378 -·
499 3348 598 3405 atque
620 3339 726 3388 l‘enerir
744 3353 805 3402 e-g.
823 3360 857 3373 -
870 3338 1055 3398 ferarumque
1072 3334 1142 3398 (om.
1159 3333 1265 3383 enime-

96 3405 175 3460 lium)
192 3419 337 3452 numerum
352 3407 427 3468 (sup.
444 3408 473 3466 ο)
490 3407 523 3456 G.
543 3432 576 3443 -
595 3423 626 3455 ex
644 3405 706 3454 eliis
722 3405 805 3454 tribue
820 3402 853 3450 G.
957 3403 998 3450 ta.
1020 3398 1177 3463 Aristotelis]
1196 3400 1264 3448 Prn-

95 3471 181 3522 lrlem.
198 3472 242 3529 28,
261 3474 284 3517 ’1.
305 3496 331 3505 -
355 3471 386 3518 tle
403 3472 440 3519 iis
459 3470 495 3518 si.
602 3474 641 3518 14.
670 3465 724 3519 Διά
742 3467 770 3518 τί
785 3502 811 3516 ..
829 3460 925 3531 πάσχει
947 3483 1001 3515 om.
1021 3466 1114 3518 GSM3
1133 3468 1168 3526 (Α
1192 3470 1265 3515 Δια·

96 3535 391 3594 resacrambam.)
419 3562 448 3571 -
481 3529 535 3583 Διά
556 3532 703 3597 τλολ(νο1
722 3531 853 3593 decertet)
872 3534 958 3594 cog-b
977 3533 1060 3584 Arist.
1080 3534 1155 3584 Gell.
1190 3535 1265 3583 Δια-

96 3617 144 3654 ror
164 3601 344 3651 Bt’mraper.
380 3596 435 3649 Διὰ
453 3599 481 3649 τί
497 3604 565 3662 (om.
586 3598 627 3656 ol)
647 3601 682 3650 sb
703 3600 726 3659 (i
745 3596 790 3649 ded
808 3599 869 3648 τίνα
885 3597 919 3651 τὰ
935 3596 1009 3665 τὴν).
1030 3628 1065 3638 -
1088 3600 1138 3666 τῆς
1154 3615 1207 3648 orn.
1226 3597 1263 3647 vi.

97 3696 128 3706 -
159 3663 330 3750 ἐγγινορένην
356 3666 477 3716 ΒΡΜΙἏ.
512 3661 687 3731 ἐγγενομένην
711 3665 748 3715 si.
783 3661 991 3733 ἐγγιγνομένην
1013 3668 1078 3732 b-pl
1107 3669 1158 3730 (pb
1176 3661 1263 3728 ἐγγ.).

98 3733 303 3800 ελγιγνομενην
324 3734 366 3783 de.
402 3732 555 3797 „Elnbest
573 3749 589 3782 a
608 3733 703 3782 Gellio
722 3740 750 3782 et
768 3733 817 3782 Ed.
836 3743 890 3782 vet.
909 3742 992 3783 recte.
1029 3732 1127 3781 l'erum
1153 3730 1264 3780 omnino

97 3817 196 3851 aeneus
214 3802 350 3865 postulat,
369 3804 400 3848 ut
418 3800 511 3866 legas:
537 3793 593 3850 διὰ
612 3799 640 3848 el
655 3794 726 3849 κατὰ
744 3795 795 3865 τὴν
875 3794 981 3863 ἡδονὴν
997 3793 1158 3863 γιγνόμενοι,
1175 3787 1210 3845 ἄν
1228 3795 1264 3858 (1.

99 3884 124 3918 e.
143 3862 206 3928 ἐὰν)
223 3861 435 3932 ὑπερβάλλωσιν.
470 3866 538 3916 Nom
559 3866 702 3931 γίγνεσθαι
717 3862 788 3916 κατὰ
808 3883 857 3915 seu
876 3865 980 3931 περίτι
999 3870 1042 3914 eet
1061 3872 1193 3914 cerretum
1210 3877 1265 3912 ease

99 3937 126 3986 ιἰι
148 3951 190 3994 re,
221 3935 337 3983 deditum
357 3948 411 3983 ease
430 3934 475 3982 rei.
513 3934 601 3994 Atque
618 3924 653 3982 dcv
668 3926 856 3999 ὑπερβάλλωσι
871 3933 944 3982 idern
963 3936 1007 3980 eet
1025 3931 1097 3996 quod
1115 3928 1185 3978 alibi
1204 3927 1265 3977 Arl-

98 4001 213 4052 etotelee
239 3999 308 4050 dicit
333 3993 400 4050 καθ’
426 3993 566 4063 dnepdot'
583 4000 611 4048 .“
638 3999 722 4049 Ζειιτι.
764 3994 932 4064 ἐγγιγνόμην
955 3998 1001 4047 l't.
1037 3990 1196 4062 γιγνομένην
1222 4009 1265 4043 ea.

96 4084 151 4119 om.
170 4066 253 4117 Arist.
280 4093 311 4105 -
336 4062 385 4116 ἐὰν
403 4016 611 4116 uvmrsvtlb.
647 4055 688 4114 tte
712 4066 760 4116 e·b
779 4064 854 4115 Gell.
890 4053 930 4114 οὗ
952 4055 987 4113 ἂν
1011 4062 1095 4114 Arist
1122 4088 1156 4099 -
1180 4053 1265 4125 τλπερ-

97 4234 117 4286 i.
133 4250 156 4282 e.
174 4231 245 4284 eatis
264 4232 373 4283 demum
393 4247 464 4281 esee.
493 4229 541 4281 Sic
557 4228 656 4281 (licere
706 4227 756 4296 pie
777 4224 848 4299 λόγῳ
875 4225 951 4347 σύρει
979 4225 1029 4295 τὴν
1058 4245 1074 4278 ιι
1093 4225 1145 4277 λσιν
1173 4217 1265 4302 ὀρθὴν

97 4300 188 4360 (Phil.
207 4301 308 4363 uste,
327 4303 379 4361 68,
399 4299 434 4348 ed
451 4296 545 4362 Quint.
564 4297 599 4346 tr.
619 4295 656 4360 11,
708 4287 812 4359 οὖσαν,
838 4296 876 4366 τῷ
900 4296 917 4347 d
949 4291 1035 4348 πάθει
1089 4308 1166 4360 ρεται
1187 4307 1264 4353 παρα

98 4369 125 4431 ³,
144 4370 169 4416 2
189 4367 242 4431 al.)
261 4365 331 4416 dicit
348 4373 439 4416 mente
456 4365 603 4415 consistere.
707 4360 758 4430 τὴν
774 4364 861 4448 κρίσιν
881 4358 1001 4429 ἰσχύοντι
1019 4379 1070 4414 τον
1093 4355 1176 4423 λόγον
1197 4357 1264 4421 μᾶλ·

133 4436 173 4482 11.
208 4434 250 4483 cel
269 4427 396 4496 ἀκρατεῖς
417 4432 458 4481 cel
478 4424 657 4494 duotoieeoocl
707 4432 768 4481 λον·
785 4431 854 4481 σθεν
866 4425 990 4513 διαφέρει
1002 4429 1051 4496 τῆς
1064 4422 1265 4504 ἄκουλαηλας·

96 4497 139 4550 (ll.
163 4499 310 4551 Plutus-cb.
335 4499 369 4547 de
393 4497 457 4548 virt.
482 4513 549 4548 mor.
575 4500 605 4557 6,
631 4513 657 4561 p.
708 4491 780 4548 ὅπου
800 4492 850 4561 μὲν
871 4491 924 4562 γὰρ
946 4495 1063 4562 ηττᾶται
1084 4508 1134 4542 τοο
1153 4491 1266 4547 παθοος

96 4567 156 4616 445.
180 4566 228 4616 lt:
264 4561 344 4616 Kortia
372 4558 460 4616 raderi
492 4559 522 4613 dl
551 4560 656 4614 οἴονται
707 4557 724 4616 d
751 4559 893 4629 λογισμὸς,
931 4557 1003 4614 ὅπου
1031 4558 1061 4615 dl
1091 4553 1157 4610 oaldi
1183 4551 1265 4621 μα’γε-

97 4629 145 4682 eet
162 4628 213 4697 τὴν
234 4624 408 4696 ἀκρασίαν
432 4624 545 4681 ἔλαττόν
565 4646 591 4679 τι
609 4647 656 4680 κα-
705 4646 760 4680 ται.

98 4697 160 4757 stote
181 4693 267 4764 εἶναι,
291 4696 410 4762 παντελῆ
435 4693 464 4747 δὲ
487 4694 585 4747 ιιανλαν
606 4691 657 4762 τὴν
745 4700 784 4747 aa.
826 4696 910 4747 terte
929 4712 1007 4763 super
1026 4695 1076 4745 lree
1092 4708 1121 4743 τε
1136 4691 1264 4742 Aristote-

98 4757 388 4829 ἅτιολασλαν....ἡ
405 4756 656 4833 δὲᾶιιρασλατῷ
707 4762 751 4835 tis]
778 4762 902 4815 Eundem
924 4778 983 4818 rem
1008 4762 1057 4813 eeel
1083 4759 1149 4812 aliie
1172 4757 1265 4808 verbis
