2812 5242
332 383 707 453 sarantasmum
736 385 812 451 Llll.
842 389 866 451 l.
896 388 1042 456 PRAEF.
1275 404 1293 465 1

108 553 216 638 rrrgrritu
236 552 358 616 inutile
380 560 444 617 aut
469 552 591 618 difficile
614 561 772 639 perceptu,
808 558 861 621 sed
885 558 987 623 omnia
1008 562 1119 645 quilius
1145 566 1185 627 sit
1206 568 1289 651 inge-

107 639 175 703 nium
204 646 295 701 tuum
334 638 506 722 vegetius,
543 640 689 704 memoria
713 641 968 720 adminiculatior,
1003 647 1101 710 oratio
1128 650 1288 731 sollertior,

107 746 187 788 semro
213 723 467 808 incorruptior,
504 724 562 788 nisi
586 725 681 789 sicubi
707 748 764 789 nos
789 728 846 791 sub
867 729 925 793 alio
946 738 1031 794 ortos
1054 734 1137 797 caclo
1160 736 1288 802 latinae

107 811 205 893 liuguae
229 829 307 872 rena
344 831 422 872 non
453 810 584 875 adiuret.
632 811 725 890 Quod
751 812 875 889 abhis,
910 814 934 879 si
969 823 1070 881 tannen
1100 819 1283 903 quibusdam
1298 825 1336 888 12

108 897 170 960 lorlc
186 915 442 979 nonnumquam
464 904 585 1044 tempus
606 897 808 982 voluntasque
829 899 887 963 erit
905 899 963 964 ista
984 922 1179 985 cognoscere,
1206 908 1283 990 peti-

109 990 160 1045 lurn
178 981 466 1065 impetratumque
492 1002 631 1046 roanrus
656 989 692 1046 ut
718 983 809 1068 aequi
836 984 972 1069 bonique
994 988 1167 1067 consulant,
1200 992 1225 1053 si
1251 992 1283 1056 in

109 1077 186 1130 {rutro
203 1087 366 1129 somnone
396 1066 506 1132 natira
526 1065 655 1131 Rorrrani
676 1067 738 1131 oris
758 1069 904 1153 elegantia
924 1070 1121 1137 desideretur.
1165 1075 1224 1140 Sed
1243 1098 1283 1143 ne
1295 1076 1332 1141 13

108 1174 147 1235 rgo
166 1151 307 1215 incautus
350 1172 455 1230 sum,
493 1152 545 1300 pai
572 1160 759 1217 venustatem
788 1156 1031 1239 reprehensionis
1056 1157 1167 1222 incurri
1195 1181 1213 1223 a
1238 1162 1281 1226 M.

106 1237 222 1323 quandam
258 1238 411 1301 Catone
441 1244 595 1387 [reectum
623 1237 654 1300 in
679 1243 718 1303 Δ.
745 1238 889 1305 Albinum
917 1241 971 1325 qui
996 1263 1065 1306 eum
1092 1244 1126 1307 L.
1153 1245 1281 1311 Lucullo

102 1324 178 1387 consul
197 1322 265 1386 luit.
321 1324 365 1386 ls
390 1322 437 1387 ΑΙ
462 1323 532 1387 inus
553 1344 601 1387 res
622 1324 775 1388 Rorrranas
799 1325 937 1390 oratione
959 1325 1073 1391 Graeca
1094 1329 1330 1415 scriptitaritll

101 1408 198 1473 lucius
218 1408 403 1474 historiae
436 1408 537 1495 primo
565 1408 712 1494 seriptum
738 1418 785 1475 est
808 1412 845 1475 ad
874 1410 952 1476 hanc
976 1413 1156 1478 sententiam
1185 1416 1280 1479 nemi-

906 1583 976 1635 Edd.
995 1582 1211 1652 ricslsgspdslr]

97 1665 148 1714 sias
160 1671 227 1715 tauss
247 1697 279 1714 ..
296 1701 306 1714 .
325 1662 537 1730 incomptior]
554 1663 589 1714 ci.
603 1662 676 1715 (loll.
694 1662 726 1715 Ν.
742 1664 773 1715 Δ.
787 1664 910 1730 Prael.§
929 1671 970 1718 lt.
994 1696 1021 1706 -
1040 1668 1093 1719 nisi
1109 1669 1193 1720 sicuti
1210 1668 1279 1721 Edd.

96 1732 118 1782 Ρ.
142 1732 257 1785 sistenti
278 1731 321 1782 Β.
370 1731 409 1781 ni
429 1732 515 1782 siculi
533 1730 583 1782 AS.
617 1747 654 1782 ne
671 1732 801 1784 siculiG.
823 1758 850 1771 -
869 1751 917 1787 sos
934 1751 988 1787 aas.
1008 1734 1038 1786 Ρ.
1061 1763 1096 1775 -
1118 1737 1190 1789 caelo
1209 1746 1279 1789 artas

95 1799 118 1849 l.
198 1803 241 1851 12.
267 1800 311 1851 ab
337 1798 516 1865 Macer—g.
536 1825 564 1836 -
589 1800 642 1850 ista
661 1800 760 1851 emt.
782 1827 815 1839 -
842 1819 994 1854 annascerc
1011 1803 1045 1854 G.
1067 1829 1099 1843 -
1125 1804 1187 1855 loni
1201 1806 1277 1872 (sap.

95 1867 204 1934 stiam)
225 1868 261 1919 Α.
402 1869 450 1917 18.
479 1883 530 1917 nec
545 1883 596 1935 ego
609 1866 643 1917 G.
662 1894 697 1905 -
713 1869 771 1920 sim
790 1867 821 1918 Δ.
838 1894 871 1906 -
892 1870 944 1935 Qui
958 1878 1120 1924 venustatem
1137 1873 1277 1940 reprelien-

94 1936 152 1985 siosir
164 1936 266 1987 incurri
287 1971 324 1986 ..
345 1970 355 1985 .
378 1935 430 1985 uti
454 1933 634 2002 ignosceretur
651 1937 682 1997 (S
700 1936 766 2001 15.)]
786 1936 823 1987 cl.
840 1936 913 1988 Gell.
930 1936 964 1989 Ν.
982 1939 1012 1989 Α,
1031 1937 1084 2002 xl,
1099 1942 1126 1989 s.
1146 1966 1174 1975 —
1194 1956 1277 1991 oenu-

94 2010 161 2055 ststno
175 2011 253 2071 (sap.
274 2002 361 2053 edd.
385 2017 405 2053 ιι
427 2018 485 2053 rec.
504 2018 539 2053 ιιι.
558 2003 704 2069 quarratam)
722 2004 756 2054 G.
784 2028 818 2042 -
846 2004 988 2057 incurram
1008 2006 1120 2073 ve·ng
1138 2005 1278 2070 „utrem

94 2078 162 2123 estet
182 2071 295 2122 melios·
332 2069 513 2135 scriptura:
540 2071 586 2120 scd
609 2086 661 2121 nae
682 2088 733 2139 ego
758 2071 882 2123 incautus
906 2090 962 2123 sum
983 2075 1029 2140 qui
1050 2082 1097 2124 etc.
1121 2074 1294 2129 ineman-r

93 2138 211 2191 Siciliam
234 2138 329 2190 infra
354 2137 390 2205 [S
417 2137 487 2202 15.]=
513 2154 563 2188 nac
582 2145 624 2201 tu,
647 2138 751 2205 inquit,
775 2140 872 2189 Aule.“
894 2140 980 2191 Gran.
1014 2140 1184 2207 „Antiquam
1202 2138 1352 2211 hossana!

94 2206 209 2260 lectionem
228 2223 360 2259 seusus
387 2204 541 2271 requirit.“
564 2204 648 2257 Zeun.
669 2233 704 2244 -
722 2209 846 2275 profecto
864 2206 887 2257 Β
905 2208 945 2269 (G
963 2225 1024 2276 sup.
1043 2224 1057 2260 e
1073 2224 1092 2263 u
1109 2226 1165 2260 rec.
1181 2212 1242 2268 sn).

118 2362 148 2410 11.
176 2361 219 2411 sed
234 2355 667 2437 ommiu]„1ntclligecognitu
717 2357 753 2409 iis
783 2374 856 2423 quaa
883 2358 1003 2412 disserui
1031 2359 1060 2412 ia
1089 2361 1216 2429 prologg.
1248 2378 1274 2427 p.

94 2428 151 2479 stilis
171 2436 194 2479 et
215 2429 347 2494 facilia
377 2433 520 2493 perceptu·
563 2424 595 2475 Ss
621 2425 667 2477 cni
717 2441 801 2478 xnsrv
818 2444 859 2493 sq.

94 2511 142 2545 ress
158 2495 226 2547 lrooc
253 2493 399 2561 ellipsis
425 2491 512 2543 uirnis
533 2493 602 2544 dara
624 2492 665 2544 si·
751 2497 792 2544 13.
827 2493 869 2561 ne]
896 2493 969 2545 lluic
990 2493 1148 2561 scripturae
1174 2500 1204 2545 et
1225 2491 1276 2543 hic

94 2562 271 2633 dertar,legut
292 2565 390 2615 clara
408 2566 460 2611 aut
475 2562 564 2612 omnia
578 2561 665 2611 alia.“
716 2563 777 2625 ets
799 2564 837 2612 15.
860 2561 980 2612 alteram
1001 2579 1054 2612 nae
1078 2578 1140 2611 esse
1163 2560 1274 2627 praeie-

96 2630 158 2681 Zsrs.
191 2659 223 2669 —
267 2633 382 2683 immo
422 2626 585 2693 intelligas:
619 2630 665 2680 sed
714 2628 829 2679 rendam
847 2629 991 2680 adnotavit
1011 2627 1178 2685 Gronovius,
1194 2627 1276 2691 eiquo

96 2700 161 2749 sosia
189 2716 265 2766 quoe
302 2697 426 2750 inserui
459 2713 491 2748 ea
519 2713 573 2748 csse
598 2706 663 2765 pato
714 2695 891 2763 suffragatur
917 2694 1044 2762 Koppins
1076 2695 1111 2745 ad
1143 2694 1274 2745 Martiae.

95 2768 164 2832 pilu
181 2774 236 2818 cet.
716 2782 742 2830 p.
762 2767 802 2814 11.
838 2763 893 2813 Sed
912 2762 1041 2828 nequod
1061 2761 1088 2813 in
1107 2761 1274 2813 moiscodi-

121 2837 228 2887 senaria
272 2828 526 2896 adminiculatior]
575 2829 664 2881 Gellii
714 2831 794 2882 cilms
834 2837 944 2897 praeter
986 2846 1070 2881 unum
1111 2829 1130 2881 S
1167 2829 1275 2895 legitur

97 2900 193 2953 editores
215 2902 473 2966 interpretantur
496 2897 607 2965 „magis
635 2897 663 2948 in
714 2898 851 2961 amnibus,
867 2898 992 2951 defendit
1009 2896 1273 2950 llundius'l'ursell.

97 2975 216 3034 promotu
237 2968 296 3021 sed
315 2970 456 3033 praestat
468 2966 539 3030 quod
555 2983 571 3016 a
585 2966 664 3031 glos·
713 2967 759 3029 lv,
778 2985 805 3034 p.
822 2971 865 3017 23.

97 3036 339 3092 ssrioltsrtlsiauo
361 3031 663 3099 protulitGronorius:
748 3036 794 3101 qui
816 3040 979 3085 venustatem
997 3032 1204 3100 reprehensionis
1227 3032 1270 3083 in-

97 3105 236 3166 „sliatorio
255 3099 467 3170 expeditior“.
713 3102 795 3167 curri]
816 3101 937 3165 „Forma
954 3108 1147 3153 vestustatemr
1180 3101 1272 3152 reien-

123 3174 166 3224 sr'si
180 3172 280 3240 sicuti]
304 3168 436 3221 Retinai
453 3167 525 3218 hanc
543 3166 664 3234 scripta·
714 3170 796 3221 sionis
820 3171 952 3221 incurrere
978 3167 1024 3234 [de
1049 3184 1103 3234 qua
1126 3168 1153 3218 vi
1175 3206 1182 3219 .
1206 3184 1270 3233 pro-

98 3254 145 3290 rom
160 3242 330 3307 salgatum,
362 3235 433 3301 qnia
456 3234 662 3302 quassantia
713 3237 791 3304 legg.
815 3255 839 3304 p.
861 3236 943 3302 suan]
971 3236 1054 3301 paule
1072 3236 1168 3286 dirrior
1191 3236 1270 3287 vide-

98 3306 246 3360 ilarionis..
263 3308 299 3358 ni
318 3304 455 3357 sicubiet
472 3304 583 3355 nisiculi
600 3303 663 3354 aul·
713 3310 773 3364 tur,
802 3312 864 3356 orta
887 3321 920 3354 ex
946 3304 1021 3355 risela
1041 3303 1157 3354 mutatis
1180 3303 1269 3353 Gellii

99 3375 128 3425 lis
148 3375 210 3427 aliis
232 3372 391 3438 exemplis
417 3378 533 3438 possunt
560 3371 663 3422 conlis-
712 3372 806 3423 rrsrhis
831 3372 883 3435 xl,
907 3376 937 3437 a,
957 3376 996 3422 t.:
1027 3372 1094 3422 iuste
1113 3378 1270 3436 venusteque

99 3443 171 3506 rossi,
195 3449 227 3496 at
249 3443 384 3494 alterum
406 3440 463 3491 sis
486 3439 601 3490 librario
620 3438 662 3490 ri·
710 3441 912 3508 reprehendere,
949 3439 1021 3489 undo
1058 3443 1153 3489 noster
1190 3438 1269 3489 locus

98 3510 183 3560 destas
201 3527 268 3562 esse
287 3507 443 3561 omissam.
481 3507 600 3559 lt'isiculi
617 3524 662 3559 re-
710 3507 822 3560 omnino
841 3513 885 3559 est
906 3514 1022 3559 sanatus.
1058 3506 1113 3557 Sed
1131 3505 1269 3571 quaedam

98 3579 239 3642 sponderet
263 3578 385 3629 Graeco
408 3573 436 3626 si
451 3568 490 3642 μή
512 3590 583 3625 nou:
608 3575 662 3627 nisi
709 3576 794 3628 alitor
818 3576 964 3643 leguntur,
994 3573 1083 3626 veluti
1110 3588 1160 3640 pro
1183 3573 1269 3641 primo

99 3646 172 3696 sicuti
194 3646 274 3697 idem
300 3644 383 3696 salet
405 3658 440 3694 sc
461 3637 532 3709 πλὴν
553 3641 583 3693 ei
595 3659 660 3694 nou.
710 3643 739 3710 [§
759 3643 810 3711 tt]
836 3643 907 3711 apud
928 3642 1053 3694 Gellium
1073 3640 1175 3693 melias
1192 3641 1271 3709 pris-

98 3710 136 3762 Ct.
152 3712 243 3765 llanrl.
266 3710 402 3763 Turseli.
423 3709 467 3762 lv.
491 3727 536 3777 pp.
559 3715 610 3761 188
631 3715 660 3763 ct
709 3713 733 3762 oi
752 3713 792 3773 io,
824 3728 874 3778 pro
901 3711 1030 3779 eloquium
1061 3710 1191 3762 Graecum
1219 3706 1268 3773 [cl.

98 3782 145 3830 219
159 3797 218 3846 sqq.
709 3777 884 3845 11‚eo,a.]
914 3777 1020 3845 legitur
1044 3778 1148 3829 Graeca
1170 3776 1267 3835 oratio,

128 3848 334 3899 melicertes
350 3844 433 3912 caelo]
452 3843 506 3896 Ulli
525 3849 606 3897 astas
622 3844 661 3897 sit
710 3846 738 3897 id
761 3847 832 3911 qnod
857 3844 974 3897 latinius
1000 3850 1060 3909 est,
1087 3848 1118 3895 et
1141 3840 1269 3893 Gemelli

98 3912 268 3977 linerolsias,
287 3930 343 3965 noa
364 3917 483 3965 constat.
516 3912 576 3964 t'ia.
595 3930 660 3980 pro·
709 3912 836 3979 Nepotis,
851 3929 886 3963 ex
903 3911 983 3964 cuias
1002 3911 1076 3963 libro
1092 3910 1127 3960 de
1145 3906 1269 3960 illustri-

99 3981 174 4049 legg.
192 4000 221 4049 p.
240 3998 283 4033 ss.
708 3981 761 4032 lias
790 3978 862 4031 viris
889 3996 920 4031 se
951 3979 1026 4030 hanc
1055 3978 1147 4027 locum
1176 3978 1267 4027 treas·

132 4050 247 4101 winae
264 4049 381 4116 linguae
398 4044 476 4113 vena]
501 4046 521 4098 i.
538 4063 562 4097 o.
581 4047 658 4127 peri·
709 4046 860 4114 scripslsse
882 4046 924 4098 ait
944 4046 1101 4107 Romanas,
1123 4041 1268 4109 elegantia

99 4115 137 4167 tia
165 4124 251 4183 atquo
287 4131 357 4166 usus
388 4114 428 4166 lio
453 4130 505 4165 aaa
532 4113 657 4166 Latinae.
709 4115 825 4184 dignius
845 4129 894 4181 pro
913 4129 1011 4164 noram
1028 4111 1138 4178 imperio
1154 4127 1207 4163 coss
1227 4110 1267 4162 el-

98 4182 236 4237 dutscior
250 4183 326 4236 lrsec
343 4189 418 4235 meta
432 4130 508 4234 isera
521 4182 549 4234 in
565 4200 598 4234 eo
616 4182 659 4234 ni·
707 4184 787 4237 lentis
806 4182 962 4234 admisimus
985 4181 1012 4248 [S
1039 4180 1089 4247 rs]
1113 4182 1190 4231 astat
1207 4126 1265 4230 iso·

100 4250 183 4315 titur,
210 4252 285 4317 qaod
310 4249 362 4303 elii
386 4200 470 4311 (iiior.
489 4250 540 4301 0d.
559 4250 596 4314 ll,
618 4255 658 4315 la,
709 4253 755 4304 dic
773 4248 899 4319 compulsi
915 4248 1079 4316 peccavimus
1098 4246 1190 4300 minus
1208 4248 1266 4299 olo·

101 4318 327 4380 1οςΑ.Ρ.409.
355 4316 437 4370 oria.
456 4316 544 4369 Trist.
564 4317 658 4381 111,r,
708 4325 821 4389 gauter,
844 4325 873 4370 ct
890 4333 940 4384 pro
957 4324 994 4378 te,
1013 4317 1114 4384 inquit,
1140 4333 1185 4368 aro
1206 4315 1266 4366 ela-

100 4391 142 4437 16.
165 4386 284 4453 Quintil.
305 4385 454 4451 t⁷1,u,a.)
473 4384 595 4438 indolem
613 4386 657 4439 di·
708 4387 823 4457 gentius
840 4387 914 4455 apud
932 4384 1058 4436 Gellium
1081 4383 1188 4453 legitur
1208 4382 1266 4445 tili,

95 4462 199 4507 seruat
216 4456 323 4526 isgenii
337 4471 442 4506 venosa.
708 4456 804 4525 inquit,
821 4472 866 4507 ora
884 4455 937 4506 te.“
958 4453 1044 4505 Zeus.

131 4526 172 4574 12
210 4523 290 4589 Quod
319 4556 351 4573 ..
381 4522 520 4589 utaeqni
549 4521 660 4589 bonique
743 4514 1265 4592 quicum11.Lueulloconmlsuitcet.]

93 4592 235 4644 miset
271 4590 351 4643 llaec
370 4588 661 4642 rideatusesseiun-
710 4607 735 4644 ιι.
753 4607 781 4643 ιι.
804 4608 827 4641 e.
847 4588 944 4641 ucssl.
980 4588 1023 4638 Ct.
1045 4585 1103 4636 Cic.
1120 4584 1200 4634 Brut.
1220 4585 1266 4643 21,

94 4660 197 4730 gensis.
255 4656 347 4712 edei.
396 4660 423 4710 4.
710 4664 772 4719 81.,
798 4656 882 4708 Acad.
906 4656 947 4717 11,
968 4657 1016 4714 45,
1038 4657 1095 4702 tat.
1131 4648 1266 4729 l'plybias

124 4727 294 4810 wgnosrme]
319 4724 353 4779 la
377 4722 483 4777 ntum·
508 4739 558 4790 pro
581 4722 661 4791 geni·
711 4726 773 4784 xli,
795 4728 821 4777 6.
843 4742 875 4805 p.
895 4726 955 4774 715.
995 4717 1267 4797 Sclrwcighuaserus

94 4796 152 4851 tiso
168 4795 303 4869 gerandsl
323 4790 437 4863 positos
456 4791 601 4846 addendas
618 4796 663 4845 est
711 4793 809 4847 laudat
826 4807 888 4845 crus
905 4786 1010 4855 ποίημα
1031 4793 1061 4841 et
1077 4800 1268 4852 πραγματικην
