2812 5242
153 147 196 213 90
636 138 847 207 uacnosslt

155 312 325 398 Zopyriono
352 310 444 375 servis
472 308 605 373 liberatis
630 308 762 393 dataque
783 305 905 371 civitate
927 307 1092 391 peregrinis
1114 316 1146 373 et
1168 309 1252 375 lactis
1275 319 1320 376 ta·

103 403 145 468 34
155 399 233 465 bulis
255 396 341 462 novis
364 395 482 459 hostem
505 394 655 458 sustinere
685 398 860 478 potuerunt
910 392 1091 457 Cleomenes
1116 396 1319 461 Lacedaemo-

152 485 238 558 nius,
273 503 342 546 cum
372 480 453 544 millo
478 486 509 543 et
534 478 690 563 quingenti
713 477 770 541 soli
794 475 1026 541 Lacedaemonii
1054 478 1107 562 qui
1136 500 1219 543 arma
1242 482 1320 546 lerre

152 576 276 654 possent
304 564 540 650 superfuissent,
573 584 609 626 ex
636 562 730 627 servis
759 583 852 626 uranu
880 562 978 626 missis
1002 564 1184 627 bellatorum
1212 587 1320 631 norem

152 654 233 717 milia
260 649 448 733 conscripsit.
493 648 696 713 Athenienses
729 667 854 732 quoque
880 649 1070 733 consumptis
1099 650 1229 733 publicis
1255 651 1320 734 opi·

102 741 144 805 35
153 740 210 802 bus
231 736 323 800 servis
343 735 512 799 libertatem
535 734 693 798 dederunt.
745 737 808 809 Ae,
837 752 876 796 ne
900 732 929 795 in
951 732 1017 796 solo
1038 733 1115 797 virili
1138 755 1214 798 sexu
1231 737 1321 799 aesti-

152 844 216 886 mes
238 820 316 884 inter
337 838 440 884 servos
464 818 598 883 extitisse
621 819 762 894 virtutes,
795 816 900 901 accipe
926 818 1100 882 ancillarum
1123 817 1235 883 laetum
1259 842 1322 884 non

153 908 252 971 minus
278 903 488 980 memorabile,
509 925 565 968 nec
584 923 646 988 quo
672 903 779 968 utilius
799 902 843 967 rei
866 901 1006 986 publicae
1029 903 1060 965 in
1080 904 1141 967 ulla
1160 905 1321 970 nobilitate

101 991 313 1077 36repporias
364 989 461 1056 Nonis
484 989 570 1053 Iuliis
594 989 675 1053 diem
704 987 814 1052 lestum
846 1008 913 1051 csse
941 987 1117 1052 ancillarum
1143 997 1206 1054 tam
1228 989 1320 1074 vulgo

152 1086 259 1142 notum
280 1081 342 1151 est,
375 1083 412 1138 ut
433 1094 490 1137 nee
513 1074 600 1158 origo
621 1081 651 1138 et
673 1093 764 1137 causa
786 1072 968 1137 celebritatis
989 1073 1092 1157 ignota
1113 1072 1161 1138 sit.
1206 1076 1318 1139 lunoni

151 1164 230 1226 enim
251 1158 434 1244 Caprotinae
455 1158 505 1222 die
521 1159 572 1223 illo
595 1159 707 1223 liberae
728 1157 841 1243 pariter
862 1158 1049 1242 ancillaeque
1071 1159 1244 1223 sacrificant
1261 1161 1319 1225 sub

150 1248 260 1311 arbore
287 1243 430 1342 caprifico
453 1242 484 1307 in
511 1243 690 1309 memoriam
713 1242 862 1326 benignae
885 1242 1005 1307 virtutis
1033 1263 1112 1327 quae
1138 1245 1170 1308 in
1196 1244 1318 1309 aneilla-

100 1332 218 1398 3'lrum
242 1331 350 1394 animis
374 1349 429 1413 pro
451 1329 680 1395 conservatione
701 1327 841 1413 publicae
863 1327 1016 1411 dignitatis
1038 1330 1188 1413 apparuit.
1238 1332 1317 1395 h'arn

149 1426 221 1503 post
238 1416 345 1479 urbem
368 1420 487 1499 captam
509 1435 579 1478 cum
600 1414 723 1479 sedatus
741 1421 823 1477 esset
841 1411 975 1476 Gallicus
995 1422 1106 1489 motus,
1127 1435 1176 1477 res
1196 1415 1317 1499 publica

148 1522 220 1567 vero
243 1510 323 1565 essct
339 1499 377 1563 ad
396 1508 489 1563 tenua
507 1499 653 1576 deducte,
674 1497 794 1562 finitimi
813 1497 1050 1596 oportunitatem
1076 1498 1234 1563 invadendi
1251 1501 1315 1563 Ro·

149 1587 230 1651 mani
258 1584 390 1650 nominis
418 1585 561 1669 aucupati
583 1583 792 1670 praefecerunt
818 1583 875 1647 sabi
904 1582 1098 1647 Postumium
1124 1583 1243 1648 Litium
1265 1584 1316 1647 Fi·

148 1670 304 1736 dcnatium
329 1670 520 1746 dictatorern,
554 1670 606 1755 qui
627 1668 776 1733 mandatis
798 1668 836 1731 ad
859 1677 998 1733 senatum
1028 1668 1127 1732 missis
1153 1669 1317 1753 postularit

148 1765 197 1833 ut,
227 1756 252 1820 si
272 1754 383 1820 vellent
402 1754 545 1839 reliquias
567 1775 640 1819 suae
661 1753 790 1818 civitatis
811 1773 948 1830 manere,
975 1761 1086 1818 matres
1109 1752 1239 1817 lamiliae
1259 1754 1315 1818 sibi

97 1839 179 1907 38et
200 1841 330 1925 virgines
352 1839 543 1904 dederentur.
592 1839 735 1924 Cumque
757 1846 857 1923 patres
881 1845 984 1902 essent
1003 1838 1034 1901 in
1055 1837 1178 1923 ancipiti
1203 1838 1314 1902 delibe-

148 1926 266 1991 ratione
287 1924 444 2010 suspensi,
471 1925 579 1991 ancilla
598 1924 723 1989 nomine
746 1923 853 1988 Tutela
878 1942 934 1988 seu
954 1922 1084 1988 Philotis
1109 1922 1243 2010 pollicita
1268 1931 1315 1988 est

211 2116 290 2184 [uu.
307 2117 458 2172 anasse.

32 2192 39 2203 ¹
144 2202 281 2269 hergeteni
300 2201 338 2253 tle
362 2202 392 2253 V.
494 2204 537 2253 et.
570 2201 669 2253 deden
693 2201 769 2267 (sap.
796 2205 873 2260 rant)
895 2198 925 2251 S.
1027 2204 1069 2251 35.
1102 2201 1246 2254 existimes
1266 2199 1313 2252 Sa.

144 2273 255 2322 extimae
276 2268 370 2339 viehg.
391 2296 424 2309 -
450 2270 590 2321 memorale
608 2270 633 2335 (τ’
651 2284 721 2320 erae.
741 2273 806 2320 ante
824 2271 855 2328 a)
876 2268 908 2318 G.
926 2293 959 2305 -
984 2285 1020 2319 ατ
1037 2285 1077 2318 ac
1094 2285 1144 2335 qao
1163 2268 1245 2334 Sv-g.

176 2340 220 2387 36.
245 2353 304 2388 nee
321 2352 403 2389 eausa
427 2337 536 2389 Gssdtl.
555 2336 608 2388 ΡΙ.
635 2364 669 2374 -
692 2353 761 2404 qaae
779 2336 939 2388 ancillarum
956 2340 1025 2395 (een.
1045 2335 1088 2399 ia)
1105 2352 1166 2404 mg.
1192 2363 1225 2373 -
1251 2353 1314 2386 een·

143 2405 308 2456 certatione
323 2403 383 2457 BG.
408 2453 411 2460 ,
487 2408 529 2455 31.
557 2420 599 2454 ree
614 2420 675 2456 aere
690 2404 799 2472 publiea
817 2420 878 2471 mg.
902 2431 934 2442 -
959 2404 1045 2455 ducta
1062 2405 1095 2457 Δ.
1113 2429 1145 2442 -
1156 2404 1315 2470 fidenatem

144 2477 219 2539 (sup.
233 2474 302 2536 inm)
323 2471 356 2523 G.
375 2498 408 2509 —
423 2479 522 2523 matres
532 2472 662 2536 familiae
682 2477 759 2539 (sup.
778 2475 807 2532 e)
826 2470 855 2523 Β.
872 2497 906 2510 -
924 2471 1062 2522 darentur
1079 2476 1155 2538 (sup.
1172 2472 1261 2531 dede.)
1277 2470 1312 2520 G.

243 2542 287 2589 36.
315 2539 410 2607 ιυλολυ
427 2539 449 2589 Α
467 2542 502 2604 „l
520 2539 601 2607 angl.
620 2539 730 2605 Dilata,
749 2540 823 2591 alter
841 2538 924 2606 Angl.
948 2539 1094 2606 Cythela‘t
1197 2541 1239 2589 to.
1267 2539 1313 2588 ιΙο-

143 2729 254 2765 versum
273 2676 486 2783 Dio-Glrryecet.
504 2716 547 2778 36,
564 2708 702 2767 4.ιἩὸΙ
750 2708 965 2778 ἐλευθέρους.
1005 2711 1209 2763 Demosthenes
1237 2712 1313 2762 l'hil.

142 2777 220 2841 πόλις
251 2780 356 2901 inquit,
376 2775 396 2848 ἠ
414 2779 471 2832 τῶν
490 2780 701 2845 Βορυσθενιτῶν
751 2781 773 2832 Ι.
795 2781 812 2844 S
836 2782 878 2831 36.
907 2773 1044 2861 ἐμβαίνειν
1074 2775 1141 2837 τούς
1170 2777 1314 2842 μετοίκους

142 2843 174 2899 τὸ
195 2816 282 2929 palpet>
300 2866 313 2909 ς
334 2844 407 2900 ἔστιν
430 2842 463 2900 ού
484 2844 554 2914 πρὸς
576 2846 627 2916 τὴν
648 2865 701 2900 πα·
751 2845 827 2910 ἔδοξε
842 2844 890 2898 καλ
906 2862 973 2905 τους
987 2842 1092 2928 paple
1113 2843 1311 2912 οἰκοῦντας,

141 2914 224 2965 λαιαυ
242 2909 328 2979 δόξαν
349 2910 394 2966 διὰ
418 2911 468 2975 τὰς
492 2920 611 2982 συνεχεῖς
628 2910 702 2968 allai-
749 2908 796 2968 εἶτ’
814 2907 919 2973 αύτούς
935 2908 1016 2962 πάλιν
1031 2905 1243 2979 αυτεμβιβιίζιιυ.

142 2993 196 3042 σεις
213 2980 261 3033 nal
277 2978 344 3043 τούς
360 2978 502 3047 πολέμους.
530 2976 577 3034 ἅτε
598 2978 651 3051 γὰρ
671 2979 701 3036 Ιν
785 2984 827 3031 36.
866 2981 961 3031 lunoni
990 3017 1013 3030 ..
1054 2979 1226 3047 Caprotinae]
1268 2978 1311 3029 Cl.

140 3045 232 3114 μέσοις
246 3047 360 3102 ολιούσα
372 3053 431 3109 τοῖς
444 3046 701 3167 ξαρβύροιςτοσοῦ-
751 3047 838 3100 verra
855 3047 885 3099 la.
907 3047 936 3098 h.
957 3046 1007 3112 tl,
1022 3051 1054 3109 3,
1074 3051 1115 3097 tu.
1144 3048 1236 3098 lt'onae
1259 3049 1311 3098 Ca-

140 3132 190 3168 τον
211 3113 266 3184 ἤδη
287 3112 386 3183 χρόνον
408 3133 443 3166 κα
476 3114 585 3179 τούτοις
604 3113 701 3184 σχεδόν
747 3118 884 3184 protinas,
914 3115 1092 3182 quatiendis
1111 3117 1139 3166 in
1161 3115 1238 3166 Latio
1260 3115 1311 3165 la-

139 3200 166 3232 τι
183 3187 241 3243 τοῖς
258 3179 486 3247 πολεμικωτάτοις
500 3179 542 3236 ciel
560 3182 700 3251 plateola·
749 3185 828 3235 nene'
853 3184 1054 3251 Caprotinae
1080 3185 1201 3234 mulieres
1227 3183 1312 3233 caeri-

138 3253 238 3315 μεῑται,
255 3247 382 3314 πολλάκις
400 3246 429 3300 δὲ
446 3250 494 3302 καλ
510 3247 617 3304 ἑάλωκε.
742 3253 863 3318 ficentur
878 3259 902 3302 et
918 3252 965 3302 sah
981 3253 1104 3318 caprifico
1115 3253 1234 3315 saciant.
1256 3254 1311 3299 Ar-

174 3320 215 3367 aa.
255 3319 403 3368 Cleomenes
421 3355 447 3369 ..
469 3336 500 3370 ex
520 3323 601 3371 aereis
618 3336 698 3372 mana
750 3320 811 3370 nob.
829 3318 879 3380 ΙΙΙ,
893 3320 948 3380 36,
966 3319 1014 3368 nbi
1032 3319 1087 3368 viel.
1106 3325 1160 3368 not.
1182 3317 1311 3367 llilalebr.

138 3384 225 3435 missis
247 3385 400 3436 bellatorum
424 3403 515 3438 novem
537 3389 614 3439 milia
636 3405 698 3440 can-
750 3385 788 3436 htl
808 3402 920 3453 capram
931 3385 1106 3437 Amaltheam
1125 3385 1311 3435 eumEclthe·

137 3453 252 3520 scripsit]
291 3451 461 3504 Plutarchus
496 3454 601 3506 Clecm.
638 3459 698 3506 tta
749 3453 1311 3519 tiadanamm.vottv,p.295.hoeaa·

135 3514 354 3586 Ἀυαπληρούσας,
374 3519 477 3586 inquit,
498 3516 530 3572 τὸ
549 3520 698 3587 πολίτευμα
747 3539 810 3574 rnen
824 3522 910 3572 relert
920 3521 1102 3590 Baettigerue
1114 3520 1154 3571 ltl.
1167 3519 1201 3569 tl.
1212 3537 1238 3586 p.
1248 3525 1308 3570 236.

136 3592 208 3649 τοῖς
228 3582 465 3655 χαριεστάτοις
484 3588 552 3639 τῶν
570 3589 698 3655 περιοί-
781 3595 823 3641 31.
862 3588 1309 3657 Nampoetesrhemeaptamcet.]

137 3672 200 3706 κων
246 3651 358 3716 ὁπλίτας
399 3656 698 3723 τετρακισχιλίους
747 3655 1309 3723 ct.intrattt,2‚1t.,Platanistes-

136 3718 257 3790 ἐποίησε,
276 3725 310 3775 ale
326 3723 427 3787 sarvie,
445 3726 517 3790 quod
536 3726 634 3787 eciem,
654 3724 697 3775 ni·
748 3728 816 3778 mul.
834 3729 876 3777 29.
895 3731 923 3776 et
939 3725 1049 3776 Camill.
1064 3726 1105 3775 33.
1127 3724 1212 3774 l‘arro
1230 3722 1247 3772 l.
1267 3740 1292 3774 ο.

136 3788 188 3839 llll·
780 3802 878 3845 matres
898 3795 1023 3858 familiae
1048 3800 1073 3843 ct
1100 3790 1231 3857 virginea]
1260 3790 1308 3842 Sic

171 3857 341 3908 Athenienses
357 3876 460 3926 quaque
478 3896 501 3910 ..
522 3860 696 3910 eeroisliber-
747 3862 821 3914 Plut.
846 3862 924 3912 Rom.
949 3862 968 3911 Ι.
989 3878 1011 3911 ο.
1036 3852 1082 3911 ”Aa
1107 3847 1158 3911 ούν
1181 3855 1310 3924 πέμψωσι

135 3929 216 4001 tqtern
243 3925 380 4003 declarant]
411 3928 514 3978 Servos
538 3927 696 4010 'Athenien-t·
746 3924 948 4009 παρθένους
974 3922 1140 4011 ,τεθσυχνίις
1168 3926 1225 3977 καί
1256 3944 1309 3993 γυ-

135 3996 697 4124 Ιὶλλιλῗλλῗοὶῗίύλῗῖ.Ιῗτίῗῖἶλὲἷ
747 3993 1311 4126 lllttt²tttttlt⁰tt·=tttlt;

134 4126 175 4183 3.,
212 4125 284 4187 quod
316 4142 350 4176 nn
380 4142 478 4180 veram
514 4130 552 4181 eit
588 4130 696 4181 dubitat
746 4125 944 4196 παρθένους
965 4125 1152 4195 ἐλευθέρας
1169 4134 1309 4196 γυναῖκας.

134 4188 296 4242 Boeclrhiue
315 4194 456 4257 (Steeteh.
475 4196 501 4247 el.
521 4196 586 4248 Aah.
601 4198 656 4249 vol.
672 4197 696 4248 Ι.
780 4204 822 4248 ae.
865 4200 965 4249 ancilla
996 4200 1101 4249 nemine
1136 4200 1229 4248 'lhtela
1263 4212 1307 4245 rea

135 4275 161 4320 p·
180 4262 265 4321 Μ).
301 4261 451 4314 Praeterea
475 4265 548 4316 conl.
569 4262 695 4330 Xenoph.
749 4266 860 4316 Philotis
887 4266 961 4316 l‘lnt.
978 4266 1057 4317 Rom
1073 4269 1092 4317 l.
1110 4283 1134 4314 τ.
1149 4258 1308 4326 θεράπαινα

134 4325 211 4376 Rati.
233 4329 260 4391 l,
283 4334 315 4395 6,
335 4334 378 4381 36.
407 4327 445 4383 ΘΙ
465 4328 496 4385 δὲ
511 4326 653 4397 Ἀθηναῖοι
670 4364 696 4381 ..
750 4333 901 4393 Φιλωτις,
919 4328 957 4392 aig
975 4328 998 4384 θ’
1016 4330 1082 4385 ἔνιοι
1098 4328 1213 4396 λέγουσι,
1227 4330 1306 4378 Teu·

133 4385 305 4458 ἐψηφίσαντο
328 4397 363 4465 βο
406 4401 447 4449 εῖν
470 4397 569 4451 ναυσίν
597 4391 697 4448 ἑκατὸν
745 4395 828 4450 τόλα
854 4396 975 4464 τιαλουμεΙ
1012 4437 1021 4465 ,
1054 4405 1082 4449 et
1108 4397 1218 4447 Camill.
1244 4395 1261 4443 l.
1282 4412 1305 4446 c.

133 4456 179 4507 καλ
196 4458 277 4528 δέκα,
303 4461 359 4533 leth
392 4463 491 4528 ’ζυντες
506 4459 573 4523 τοὺς
589 4460 619 4514 ἐν
639 4456 695 4529 ἡλι-
745 4466 934 4530 θεραπαινίδα
951 4482 1073 4529 τουνομα
1095 4457 1305 4530 Τουτούλαν,

133 4523 179 4594 κίοι
212 4520 338 4593 ἅπαντας
372 4530 428 4584 καλ
463 4526 608 4591 δούλους
640 4531 696 4585 καλ
747 4527 828 4593 ούςιί
845 4528 1044 4598 ἔνιοιλίγυυσι,
1066 4528 1246 4582 Φιλωτίδα.
