2812 5242
161 138 182 205 6
640 132 851 200 MACROBH

133 305 372 376 dederaminum
403 307 433 370 in
460 306 678 390 spiramentum
708 323 812 368 unum.
858 301 953 366 Vides
975 319 1065 383 quam
1092 299 1259 364 multorum
1280 322 1333 365 ro·

163 394 250 460 cibus
269 392 380 456 chorus
411 399 544 455 constet:
579 409 641 453 una
668 397 770 452 tamen
798 409 833 451 ex
861 386 1003 451 omnibus
1031 383 1176 448 redditur.
1221 385 1334 471 Aliqua

164 477 290 543 estillic
313 485 401 542 acuta
424 477 524 560 niiqua
548 474 646 559 gravis
668 473 769 557 aiiqua
791 473 903 548 media,
935 469 1082 534 accedunt
1104 470 1174 534 viris
1195 469 1334 549 feminac,

165 563 370 649 interponitur
394 562 506 626 fistula:
528 560 569 623 ita
591 559 779 643 singulorum
803 559 861 622 iilic
882 559 1099 632 latentiores,
1121 556 1260 619 omnium
1281 579 1333 641 ap·

119 651 291 737 ldparent‚
324 657 354 711 et
386 647 420 710 sit
451 653 618 710 concentus
649 665 686 708 ex
718 642 857 708 dissonis.
908 642 981 706 'faie
1005 640 1063 705 hoc
1087 661 1230 724 praesens
1257 663 1335 727 opus

170 734 257 800 volo:
288 733 401 797 multae
420 731 449 795 in
470 731 521 795 ilio
540 739 633 806 artes,
667 729 760 793 muita
784 736 945 815 praerepta
967 726 1040 802 sint,
1071 726 1235 791 muitarum
1254 738 1334 791 aeta·

170 827 235 884 turn
265 817 414 902 menapia,
447 816 499 880 sed
528 816 559 878 in
588 835 684 879 unum
713 815 898 900 conspirata:
932 812 963 875 in
989 811 1100 896 quibus
1127 811 1276 896 sineque
1301 834 1335 877 ea

171 925 250 989 quae
269 903 327 967 iam
348 902 402 966 tibi
425 910 497 965 sunt
518 900 638 985 cognita
659 900 837 984 asperneris,
860 919 916 962 neo
937 917 1016 982 quae
1039 897 1139 981 ignota
1161 907 1233 961 sunt
1251 898 1336 975 uites,

118 988 322 1074 [mopinvenies
344 987 471 1073 piurima
491 1007 570 1070 quae
592 985 632 1049 sit
654 995 708 1049 aut
725 984 876 1069 petuma
903 985 1001 1066 tegere
1027 990 1080 1046 aut
1107 981 1201 1047 cultui
1227 982 1336 1067 legisse

122 1077 225 1142 liant
253 1073 322 1138 usui
354 1071 535 1137 meminisse.
583 1070 664 1137 n'ihit
691 1072 771 1135 enim
801 1009 873 1135 iruio
896 1068 980 1154 operi
1011 1067 1158 1132 insertum
1184 1076 1259 1153 puto
1283 1078 1337 1133 aut

235 1282 315 1351 [diss.
334 1282 459 1335 ABGPS.
1212 1342 1215 1347 Ι

219 1373 245 1419 9.
275 1384 336 1418 acce
353 1369 419 1420 duat
437 1370 545 1430 (fuerat
562 1369 733 1426 accendunt)
754 1367 831 1416 eires
852 1371 928 1430 (supr.
944 1365 980 1415 air
1002 1364 1062 1414 eati.
1083 1380 1118 1414 m.
1136 1362 1178 1414 eei
1199 1363 1289 1424 viros,
1320 1377 1336 1413 e

170 1452 225 1486 rec.
243 1452 278 1484 m.
298 1437 377 1494 viris)
397 1436 430 1486 G.
478 1439 517 1489 ita
543 1438 627 1489 eires
650 1436 814 1503 singuiorum
834 1434 889 1483 illie
910 1434 1002 1491 intent,
1021 1449 1095 1484 voees
1112 1432 1227 1483 omnium
1248 1448 1337 1498 appa·

169 1502 292 1555 reatinis
320 1503 418 1567 ‚diaeo
442 1506 526 1557 lectio
546 1504 609 1556 iterii
631 1502 839 1554 convenientior
858 1518 920 1551 esse
939 1501 1050 1552 ridetur
1076 1498 1215 1563 auctoris,
1242 1500 1288 1564 qni
1309 1498 1336 1549 ia

170 1570 357 1622 concinnitate
373 1572 509 1624 orationis
527 1587 728 1649 saepenumero
748 1570 886 1620 inlrorat.⁸‘
909 1568 995 1620 Zeno.
1098 1571 1139 1619 to.
1167 1568 1219 1620 siat
1242 1566 1337 1618 ABGS

170 1642 279 1689 vi2s-r.
325 1648 395 1692 sunt
413 1642 524 1709 segur
544 1641 622 1702 „Iton
642 1639 745 1690 nraie“·
767 1638 851 1689 Zeun.
871 1635 1006 1697 (Senecae
1023 1643 1058 1688 ut
1075 1636 1176 1687 multae
1192 1673 1198 1686 .
1214 1671 1220 1687 .
1235 1672 1242 1685 .
1260 1636 1337 1691 siut).

173 1733 201 1745 -
228 1708 277 1758 tibi
295 1708 347 1757 iam
367 1709 395 1759 d.
421 1736 453 1746 —
480 1711 590 1777 cognita
608 1715 668 1759 saint
688 1706 769 1770 Smg.
792 1734 826 1745 -
848 1722 914 1772 pirae
930 1707 963 1757 sit
981 1703 1020 1765 (B
1038 1720 1100 1770 sup.
1118 1703 1181 1754 edd.
1204 1706 1235 1762 a)
1255 1702 1336 1753 s-irl'.

171 1777 319 1843 praesint
342 1775 491 1844 sesag.
527 1793 595 1844 puae
615 1778 761 1827 santum
868 1777 906 1823 11.
935 1770 1338 1841 praeseptuABG.—inge·

168 1965 289 2026 riantur,
317 1965 335 2016 i.
357 1984 380 2016 e.
406 1984 459 2018 non
479 1968 601 2036 nmpiius
622 1967 730 2034 possint
780 1971 890 2033 praeter
914 1963 1034 2032 priorem
1058 1962 1141 2014 iiiam
1160 1959 1271 2030 Apaieii
1295 1960 1338 2011 io-

171 2032 310 2099 dignosei‚
328 2033 436 2100 singuli
456 2037 526 2099 sirei,
546 2044 575 2087 ut
593 2041 729 2102 confusa
780 2051 842 2086 euin
875 2049 938 2083 eram
968 2032 1022 2083 hoe
1052 2032 1162 2083 eoniert
1189 2028 1339 2096 Augustini

170 2118 307 2167 carporum
326 2102 484 2155 lincamenta
507 2106 637 2156 dicuntur
656 2105 728 2168 apud
781 2103 864 2152 scrita
882 2103 916 2152 do
938 2099 990 2150 civ.
1009 2099 1053 2150 dei
1070 2099 1113 2161 ΙΙ,
1128 2103 1170 2149 at.
1191 2098 1287 2148 desum
1311 2105 1338 2148 ta

171 2168 269 2219 lustin.
290 2168 345 2233 111,
365 2174 397 2233 5,
419 2175 465 2232 11,
489 2179 517 2224 et
536 2173 647 2223 Petron-
671 2172 731 2223 Sut.
781 2168 959 2220 eCiceronis
983 2167 1048 2219 iibri
1074 2167 1108 2217 de
1132 2184 1191 2232 rep.
1216 2165 1253 2217 ΙΙ.
1283 2116 1338 2215 tine

175 2241 237 2301 1115,
256 2240 296 2286 11.
336 2239 530 2304 spiramentum
550 2241 638 2292 estid
657 2239 728 2306 quod
782 2236 816 2306 [e.
835 2235 968 2305 dibiad,
999 2244 1028 2288 at
1049 2236 1077 2286 in
1092 2236 1196 2301 fidibus
1218 2234 1339 2285 notitiis

171 2304 295 2370 spiretur
312 2307 358 2356 ver
377 2307 539 2373 exhaletur,
567 2311 602 2360 ci.
624 2308 730 2372 1’11,9,
782 2315 861 2373 atprre
878 2313 957 2357 cantu
977 2304 1034 2372 ipre
1055 2320 1087 2355 ae
1109 2303 1213 2353 vecibus
1231 2318 1338 2352 seneca-

171 2374 206 2437 §S
222 2376 247 2433 4,
266 2378 291 2432 7,
311 2376 351 2437 18,
374 2378 418 2439 20,
437 2380 477 2428 21.
497 2385 525 2428 et
545 2377 651 2429 t'itruv.
670 2376 730 2440 t'n,
780 2382 823 2426 tue
840 2382 877 2427 est
895 2372 1002 2440 quidam
1019 2371 1145 2423 tenendas
1161 2387 1192 2421 es
1209 2369 1340 2421 distinctis

172 2444 222 2503 ta,
241 2444 265 2489 l.
289 2442 362 2491 doliu
380 2446 509 2509 opereulis
532 2445 669 2508 obturant,
698 2461 731 2495 ne
781 2444 864 2503 souis,
888 2442 1051 2508 quibuscum
1079 2439 1208 2491 Moserus
1231 2437 1340 2488 ooniert

171 2509 407 2575 spiramentum
444 2513 546 2562 emittat
583 2511 645 2576 (uiri
682 2517 731 2561 erat
784 2510 817 2559 de
838 2509 884 2559 un.
906 2509 950 2569 lv,
967 2512 1010 2569 21,
1029 2511 1071 2557 15.

172 2575 302 2625 emittant
342 2580 391 2623 arat
430 2580 580 2629 emittatur
619 2578 731 2628 videtur
819 2580 855 2624 10.
891 2575 991 2626 mattae
1016 2574 1043 2624 iri
1068 2573 1115 2624 iiio
1140 2579 1225 2635 anes,
1254 2572 1339 2622 muita

173 2658 236 2693 esse
253 2641 427 2706 legendum).
779 2649 922 2721 praecepta
949 2640 1013 2705 sint]
1043 2639 1062 2690 i.
1086 2656 1110 2690 e.
1137 2654 1209 2703 quae
1235 2638 1263 2688 in
1288 2638 1340 2689 ino

206 2715 232 2760 9.
269 2711 361 2773 utiquo
387 2709 502 2760 estillic
526 2715 607 2760 acuta
638 2708 731 2775 aliqua
781 2716 885 2767 ruerant,
905 2707 939 2758 ad
958 2708 1060 2758 multas
1078 2712 1152 2758 artes
1171 2704 1340 2770 pertineant,

172 2775 275 2845 granis]
294 2775 460 2826 Cidamus
479 2776 520 2837 11,
539 2779 612 2837 m.
636 2777 728 2826 i'tso-
780 2776 869 2826 nauita
902 2781 1053 2842 praecepte
1083 2773 1243 2824 erintineent
1297 2774 1339 2824 Gi.

171 2860 223 2895 raes
240 2843 507 2910 ipeeauteeutior
525 2851 572 2895 aaut
590 2844 731 2913 gravior
781 2843 855 2894 inira
880 2859 903 2892 e.
929 2846 953 2892 2.
978 2844 1041 2906 §a
1064 2848 1092 2892 et
1110 2840 1169 2891 cte.
1188 2841 1222 2891 de
1241 2856 1281 2890 or.
1300 2841 1338 2901 ΙΙ,

171 2913 340 2979 proferatur,
359 2912 426 2963 ictus
442 2912 540 2977 efficit,
560 2919 588 2962 et
607 2912 642 2973 ΙΙ,
665 2915 687 2973 1,
706 2915 730 2961 9.
783 2915 831 2969 11,
850 2915 891 2960 31.
921 2928 973 2961 aaa
992 2911 1095 2969 omnia,
1112 2925 1282 2975 quaeeunque
1300 2911 1339 2960 ro-

171 2980 212 3030 ita
230 2980 408 3046 grauitati
433 2982 585 3031 scamina
604 2996 732 3030 consona·
782 2980 901 3046 eluimur,
929 2979 994 3030 mim·
1018 2979 1143 3030 videatur
1171 2978 1208 3028 ud
1235 2984 1339 3029 artem

173 3046 251 3109 ient,
268 3054 298 3099 at
316 3082 343 3096 ..
360 3063 395 3099 er
415 3048 524 3098 variis
542 3048 732 3115 imputridus
783 3045 965 3113 (oratoriam)
985 3054 1009 3098 et
1029 3046 1065 3097 ad
1080 3052 1261 3114 praerepta
1285 3061 1340 3096 esse

173 3114 731 3166 unumsiticensoaaasaueeeretar.
782 3115 941 3167 reuocanda.
977 3114 1057 3179 Quod
1082 3112 1190 3164 Seneca
1211 3114 1270 3178 (ep.
1294 3115 1339 3175 ea,

172 3181 314 3233 Pantanus
344 3198 405 3233 eum
435 3182 490 3232 hoe
519 3183 581 3234 loeo
613 3182 733 3234 eontulit
784 3187 829 3243 10,
849 3183 921 3233 uado
939 3181 1010 3233 haee
1028 3182 1176 3247 desumpta
1195 3184 1291 3246 runt),
1310 3180 1338 3230 ia

174 3248 285 3314 Apuleii
310 3249 344 3298 de
367 3249 470 3301 diendo
493 3249 527 3317 [e.
550 3250 605 3317 aa]
629 3251 731 3301 verber
781 3252 874 3302 animo
895 3251 955 3300 ruit
974 3267 1037 3301 esse
1056 3250 1160 3300 minitas
1180 3257 1270 3312 artes,
1289 3264 1340 3314 pu·

173 3323 203 3368 at
222 3317 250 3366 iu
271 3317 356 3368 citeris
377 3353 402 3367 ..
422 3321 609 3370 concinentiam
633 3320 732 3387 artigas
782 3318 900 3371 tnrerim
923 3322 999 3369 artes
1025 3317 1188 3367 referendas
1211 3334 1274 3367 esse
1304 3316 1338 3367 ad

174 3384 289 3435 virorum
312 3392 336 3436 et
361 3386 521 3446 seminarum
542 3387 630 3437 mixtis
655 3403 730 3454 gra·
782 3385 967 3438 seruditionem
989 3386 1072 3447 (eicie
1090 3385 1340 3449 wissensedastiiciie

173 3451 270 3502 eidus
288 3458 313 3503 et
335 3454 441 3505 acutis
463 3455 619 3506 elamoribus
637 3471 731 3504 naam
783 3455 963 3514 limataisse).

173 3518 376 3572 hermeniam
413 3529 586 3583 reserant,
624 3528 733 3587 poterat
816 3515 1292 3589 inaaamrompirataJFrenndins
1312 3513 1340 3567 in

173 3602 208 3638 er
228 3586 353 3639 eiusdem
375 3587 441 3639 iibri
464 3604 523 3657 esp.
545 3593 587 3639 20.
615 3590 731 3640 adderes
780 3590 872 3641 lexico
891 3607 914 3640 s.
933 3588 961 3639 ir.
982 3605 1008 3638 r.
1029 3603 1045 3639 e
1064 3589 1137 3655 spira
1155 3584 1340 3637 derivandum

17 3654 49 3749 sp
176 3654 285 3707 Pietaru
302 3674 332 3709 er
354 3657 518 3709 discorditer
537 3658 731 3726 pigmentorum
782 3664 878 3709 censet
894 3657 947 3707 hoe
965 3657 1146 3718 vocabalum,
1166 3658 1198 3704 at
1211 3652 1286 3704 idom
1302 3650 1342 3703 sit

18 3740 75 3821 a.
173 3723 302 3775 coloritus
320 3761 347 3776 ..
366 3727 520 3789 confusione
538 3724 644 3777 modies
665 3733 729 3778 tem-
782 3741 815 3777 se
846 3726 999 3788 convoluta,
1030 3723 1199 3792 conglobata.
1244 3718 1341 3785 Magis

171 3793 606 3929 castrametatae:
782 3788 1340 3913 tueatur·uitiatoris

21 3910 24 3915 ’
174 3925 733 4058 captatam
782 3946 845 4049 aar
860 3899 1027 4049 atrati
1042 3923 1340 4057 :traduat

72 4010 140 4087 ’Ἰ
173 4057 318 4110 diversis
351 4070 384 4112 et
416 4061 560 4115 dissenis
592 4035 731 4115 uoe’ibas
781 4066 926 4131 conspirati
955 4062 1081 4114 homines
1109 4063 1167 4114 rint
1190 4009 1341 4120 caiatiensi,

172 4123 371 4177 harmoniam
388 4145 560 4182 consonam
575 4132 671 4183 reddit.
688 4130 729 4181 Er
780 4133 827 4199 qui
846 4133 880 4183 ed
900 4130 1007 4198 uiiqnid
1026 4130 1206 4183 efficiendum
1224 4143 1340 4182 eonsen-

171 4190 226 4244 hoe
243 4192 252 4243 i
274 4210 304 4244 so
324 4194 386 4244 loeo
405 4203 483 4261 petat
495 4215 548 4249 non
567 4215 630 4250 esse
649 4197 729 4250 elise-
781 4200 881 4253 serint.

190 4276 242 4311 aen
265 4277 310 4312 ans
335 4261 441 4314 Zeunio
465 4263 512 4330 qni
540 4265 732 4334 comprobavit
833 4285 882 4320 uae
903 4266 939 4318 sit
960 4276 1009 4320 nat
1030 4266 1162 4335 voiaptati
1185 4265 1274 4333 tegere
1292 4268 1339 4313 eut

182 4328 289 4408 dqnod
308 4330 380 4397 tegit
397 4330 424 4382 in
442 4333 570 4385 earet:
588 4334 731 4387 itaeires
781 4285 865 4389 caiani
893 4335 990 4404 legisse
1017 4343 1065 4388 aut
1093 4336 1155 4386 usai
1183 4328 1339 4396 meminisse]

169 4398 338 4476 irregularem
374 4400 431 4452 iliis
467 4401 559 4453 latest.
617 4399 731 4453 Seblier
780 4401 879 4454 Latias
901 4410 980 4469 patet
1000 4403 1074 4469 apud
1094 4399 1268 4454 Maerebinra
1290 4395 1340 4448 hie

168 4464 309 4582 kt'arrdtds
341 4466 482 4522 sdrieases
511 4473 540 4521 et
568 4474 729 4521 amarante·
780 4470 869 4522 dativi
887 4486 968 4535 usus,
987 4471 1024 4522 ei.
1043 4471 1101 4534 111,
1121 4473 1162 4534 19,
1182 4472 1206 4519 1.
1226 4465 1292 4531 ersi,
1310 4470 1340 4517 et

192 4532 285 4586 anstai.
307 4532 488 4589 MDGCUV.
513 4535 569 4589 rol.
594 4535 615 4589 1.
639 4554 667 4605 p.
690 4538 729 4605 l.)
780 4537 840 4603 vu,
858 4540 889 4603 4,
912 4540 951 4590 12
979 4538 1112 4607 aeglesias·
1126 4543 1156 4591 et
1172 4535 1249 4591 rissi.
