2812 5242
157 127 218 196 tot
635 124 845 194 uncuouu

102 297 324 385 3lpellatione,
345 293 512 361 Octobrem
535 312 606 358 vero
628 314 686 358 suo
706 292 832 360 nomine
845 294 1041 362 Domitianus
1064 297 1219 362 invaserat
1261 299 1321 363 Sed

152 384 206 449 ulii
234 381 399 446 infaustum
425 377 607 444 vocabulum
635 400 673 443 ex
701 379 785 444 omni
814 400 884 445 aere
909 381 956 447 vel
987 403 1059 447 saxo
1090 382 1202 467 placuit
1229 383 1321 461 eradi,

152 488 272 533 menses
297 484 422 552 quoque
438 462 651 560 ,usurpatione
681 463 856 549 tyrannicae
884 466 1093 564 appellationis
1119 467 1201 531 eruti
1233 476 1321 531 sunt:

151 553 253 618 cautio
273 557 379 635 postea
401 547 571 632 principum
596 556 767 614 ceterorum
790 549 848 614 diri
869 551 980 616 ommis
1006 551 1135 617 inlausta
1161 551 1319 616 vitantium

153 636 310 702 mensibus
330 655 347 697 a
370 632 541 716 Septembri
559 653 596 696 us
619 654 659 697 ue
679 633 718 697 ad
737 634 939 700 Decembrem
964 636 1061 734 prisca
1083 637 1205 701 nomina
1227 656 1322 701 resor-

100 727 143 792 38
151 722 240 787 ravit.
284 720 368 783 llaec
390 716 447 781 luit
467 738 485 781 a
504 719 584 782 Rom
618 738 760 783 oannua
782 720 920 786 ordinata
945 721 1108 798 dimensio,
1141 722 1208 805 qui,
1243 721 1322 786 sicut

150 826 242 892 supra
264 803 323 867 iam
351 801 500 880 diximus,
534 823 647 866 annum
677 803 781 869 decom
814 805 963 870 mensium
991 806 1107 870 dicrum
1133 827 1205 870 vero
1232 814 1321 889 quat-

150 898 222 957 tuor
249 896 281 955 et
306 895 513 952 trecentorum
547 886 720 953 habendum
755 910 823 955 esse
856 891 1030 969 constituit,
1065 911 1248 975 mensesque
1279 891 1321 954 ita

100 1044 103 1049 ,
150 972 318 1061 disposuit,
346 980 383 1037 ut
400 979 547 1057 quattuor
563 993 601 1037 ex
620 971 667 1037 his
686 972 819 1039 lucanos
840 975 989 1060 singulos,
1021 996 1073 1040 sex
1092 997 1164 1041 vero
1187 975 1321 1040 tricenos

99 1060 299 1131 inuaserant
314 1056 389 1121 dies.
433 1057 494 1121 Sed
515 1077 585 1122 cum
605 1055 631 1122 is
652 1077 797 1123 numerus
817 1080 918 1146 neque
939 1061 1012 1126 solis
1034 1060 1136 1125 cursui
1157 1081 1257 1145 neque
1274 1061 1320 1125 ln-

150 1166 207 1211 aae
228 1142 398 1209 rationibus
423 1141 614 1220 conveniret,
651 1163 881 1230 nonnumquam
908 1166 968 1211 usu
995 1145 1136 1211 veniebat
1163 1153 1198 1209 ut
1226 1144 1320 1228 frigus

149 1229 220 1296 anni
256 1225 377 1292 aestivis
411 1226 565 1292 mensibus
599 1235 630 1291 ct
660 1236 766 1293 contm
801 1228 885 1294 calor
919 1229 1099 1297 hiemalibus
1131 1230 1319 1315 proveniret:

148 1313 232 1414 quod
249 1311 303 1378 uhi
324 1309 514 1396 contigisset,
539 1319 659 1376 tantum
679 1312 797 1378 diarum
818 1314 883 1379 sine
906 1316 969 1380 ullo
990 1314 1101 1380 mensis
1123 1315 1247 1380 nomine
1265 1336 1317 1400 pa-

148 1401 303 1466 tiebantur
324 1396 442 1462 absumi
463 1405 612 1482 quantum
635 1397 673 1461 ad
695 1397 726 1462 id
744 1399 816 1463 anni
837 1407 958 1487 tempus
977 1400 1142 1466 adduceret
1161 1420 1223 1486 quo
1244 1399 1318 1464 caeli

147 1485 271 1552 habitin
292 1481 416 1547 instanti
441 1481 537 1547 mensi
559 1489 648 1567 aptus
669 1480 863 1549 inveniretur.

122 1574 137 1636 l
232 1567 323 1634 Xlll.
367 1566 427 1632 Sed
451 1573 576 1632 secutus
594 1567 705 1645 Numa,
726 1576 875 1653 qtmntum
892 1569 951 1633 suh
970 1568 1054 1634 caelo
1075 1566 1144 1634 rudi
1164 1575 1195 1632 et
1213 1566 1317 1632 seculo

98 1654 268 1742 {saspadhuc
295 1651 422 1739 inpolito
448 1652 514 1719 solo
535 1650 655 1738 ingenio
681 1652 827 1738 magistro
849 1653 1095 1741 conprehendere
1119 1652 1237 1740 potuit,
1271 1651 1316 1717 rel

215 1846 295 1915 [uss.
312 1845 440 1900 anuas.

147 1936 191 1983 sl.
226 1930 289 1984 sili
308 1931 402 1983 retinet
423 1933 518 1997 abug.
547 1958 580 1970 -
608 1944 646 1982 ss
666 1931 817 1984 Germanici
837 1932 1024 2002 appellatione.
1049 1933 1139 1998 stt-ag
1160 1927 1203 1993 (in
1220 1928 1315 1979 ruald.

208 1997 313 2050 ,ΚΜ
335 1997 458 2059 (letatura
478 1997 507 2050 ia
526 1996 534 2048 l
558 1999 622 2066 Cap.
645 1998 708 2051 ΧΗ.
734 1999 866 2061 (letales).
886 2027 922 2041 -
941 2017 988 2052 sus
1007 1997 1316 2066 (emaculantur.

146 2084 181 2119 sn.
219 2066 250 2117 Α.
351 2068 393 2117 hi.
428 2065 565 2129 insuetum
592 2081 649 2118 eac.
678 2065 710 2117 Β.
738 2093 771 2104 -
800 2069 1003 2136 usurpationem
1034 2066 1106 2118 coni.
1132 2065 1219 2117 (ison.
1249 2063 1315 2114 coll.

146 2136 253 2187 comm.
271 2131 295 2196 l,
314 2136 340 2194 e,
358 2137 383 2183 ³.
402 2138 432 2183 et
452 2134 493 2192 ta,
510 2136 537 2184 ⁶.
563 2159 598 2171 -
628 2134 814 2202 appellatione
830 2142 907 2203 (sup.
925 2137 963 2197 is}
981 2135 1012 2186 P.
1115 2137 1157 2184 38,
1188 2150 1279 2184 annea
1298 2148 1315 2182 a

145 2202 247 2256 renale
262 2198 291 2252 S.
313 2226 346 2238 -
368 2216 398 2252 sa
418 2200 460 2268 ra]
480 2198 495 2268 ς
513 2202 539 2250 d.
562 2228 592 2237 -
615 2200 669 2251 ian
687 2203 884 2270 supradiximus
901 2202 961 2255 BG.
980 2229 1013 2241 -
1035 2202 1158 2254 instituit
1175 2199 1256 2252 s·hl’.
1280 2228 1313 2238 —

144 2287 244 2391 risum
259 2284 376 2386 priapus
392 2216 421 2320 g
435 2293 471 2396 {⁰-
487 2275 517 2320 et
528 2267 654 2396 mm
665 2267 739 2390 Sv-‘g
752 2268 818 2390 usp
920 2274 964 2324 ³9.
988 2269 1103 2322 assumi
1117 2284 1170 2336 ag
1188 2268 1315 2332 „ltale.“

168 2351 319 2389 cum-a
355 2352 533 2387 anaema
600 2362 658 2387 .-
723 2355 823 2391 an.

213 2402 290 2455 lllll.
328 2402 517 2471 ceperunt.
546 2403 585 2456 lle
608 2354 775 2458 erdinssetions
798 2405 864 2457 anni
884 2419 933 2471 per
953 2402 1082 2454 Nasuam:
1107 2410 1132 2454 et
1147 2417 1215 2469 qaas
1231 2417 1313 2452 caasa

139 2471 226 2539 suerit
250 2470 445 2521 intercalandi:
469 2487 571 2537 qaoque
595 2478 709 2539 tempore
723 2473 838 2540 primam
856 2471 1041 2523 intercalatum
1058 2472 1101 2522 sit.
1130 2468 1207 2520 ch-h.
1247 2470 1313 2536 Cap.

147 2538 243 2591 Xllll.
265 2536 367 2588 Divisis
384 2536 450 2587 anni
465 2552 515 2603 per
531 2553 673 2589 namnam.
692 2555 708 2589 a
727 2541 752 2599 (l
768 2540 833 2606 cap.
854 2539 958 2597 XM).
1045 2541 1069 2588 l.
1097 2545 1225 2605 qnantum
1242 2553 1311 2587 sae-

144 2702 563 2778 vaserat]0i·Snetoa.1lmuit.
581 2708 622 2757 1³.
643 2707 704 2760 Post
753 2708 852 2759 maius
869 2707 925 2758 sihi
943 2706 1107 2759 imitandum
1120 2716 1313 2775 proposuerat.

143 2787 232 2831 aalcm
268 2777 335 2828 daos
369 2773 515 2840 triumphes
553 2775 704 2826 Germanici
752 2775 841 2841 Atque
875 2774 1054 2841 Lampridius
1087 2781 1117 2825 st
1148 2774 1313 2841 xiphilinus

143 2844 299 2964 ‘⁰⁶⁸⁰”‘'i
315 2848 497 2962 cithim„
513 2841 702 2962 iiiii*
752 2841 1039 2962 i'‘⁸.¹'l'”⁵”z⁸.l⁰⁰”
1060 2842 1169 2960 llll:
1187 2858 1312 2973 {llll}

144 2928 255 2966 nssnsens
644 2928 702 2962 aas·
752 2916 892 2962 mern.“
970 2927 1041 2961 m-
1096 2947 1103 2959 .
1172 2927 1184 2959 ι
1251 2949 1255 2957 .

142 2982 191 3033 hus
214 2979 271 3031 sais
290 2926 548 3031 Germanicum?
570 2978 702 3029 arsitia-
755 2983 794 3030 ll.
819 2980 912 3032 Postea
935 2994 997 3028 aare
1019 2979 1096 3029 nsalti
1112 2977 1244 3045 principes
1260 2995 1310 3027 na-

143 3063 273 3114 namque
291 3045 526 3100 transnominaret:
549 3062 600 3111 pas
618 3046 702 3097 altera
751 3047 826 3098 arina
839 3047 969 3114 quaedam
987 3063 1102 3098 usensans
1116 3046 1311 3096 inmutaverunt

141 3116 297 3183 suscepisset
323 3114 479 3180 imperium,
513 3113 596 3164 altere
622 3120 703 3166 natas
752 3116 808 3166 sais
837 3114 1018 3178 nuncupanda
1044 3113 1206 3174 nominibus,
1240 3114 1311 3179 quad

142 3191 218 3236 esset.
261 3181 406 3234 Plutarch.
437 3178 518 3232 Nam.
552 3184 592 3232 te.
628 3175 704 3241 Tota
751 3189 799 3233 aut
817 3181 869 3249 ipsi
884 3182 1048 3249 postmodun
1067 3188 1244 3241 mutauerant,
1263 3189 1311 3232 aat

143 3247 174 3303 dl
200 3245 297 3316 ἐφεξῆς
318 3242 533 3314 Δομετιανὸς
553 3244 703 3314 εἰσεποίησε
749 3257 810 3317 post
830 3249 927 3301 olitana
945 3264 1032 3300 eorasn
1054 3250 1101 3300 illa
1124 3249 1231 3300 nonina
1250 3250 1309 3314 pri-

141 3320 205 3376 saia
236 3312 326 3368 edroi
354 3311 520 3380 ἐπωνυμίαις
550 3308 584 3367 eei
614 3310 703 3366 notes
750 3318 822 3369 atina
856 3318 911 3368 suis
942 3318 1048 3368 redditu
1080 3316 1210 3367 mensilas
1240 3324 1311 3368 sant.

142 3379 256 3451 χρόνον,
287 3377 355 3434 cilici
371 3377 422 3443 sire
438 3375 532 3434 adada
548 3376 703 3450 ἄναλαβόν-
751 3383 799 3436 Sic
826 3382 882 3435 ianr
909 3389 993 3436 antea
1016 3383 1089 3435 llere
1111 3382 1233 3449 Aprilem
1258 3399 1308 3448 ap-

142 3467 186 3512 ssp
208 3447 291 3502 πάλιν
312 3446 417 3502 ἐκείνου
439 3446 590 3517 σφαγέντος
613 3442 629 3501 d
652 3445 702 3516 pla
751 3451 871 3518 pellasit
901 3451 1062 3515 Neroneum,
1092 3459 1122 3502 ut
1148 3449 1190 3502 ait
1208 3449 1308 3502 Sueto·

142 3513 260 3587 ἕβδομος
276 3510 292 3568 ὁ
309 3513 340 3569 dl
357 3511 455 3583 hydros
468 3517 626 3569 καλοῦνται.
752 3519 814 3571 nisis
833 3518 905 3570 Nero
923 3523 967 3570 cs.

176 3588 219 3636 31.
255 3586 301 3637 ali
317 3585 464 3649 infaustum
482 3587 637 3637 oocatalam
785 3588 839 3638 diri
855 3587 950 3638 eminis
968 3584 1100 3651 infausta]
1118 3583 1161 3635 Cl.
1180 3584 1202 3646 l,
1221 3589 1247 3645 t,
1268 3589 1307 3637 15.

139 3653 244 3720 placuit
272 3653 358 3719 eradi]
388 3652 430 3703 ct.
457 3650 571 3704 sueton.
598 3652 701 3704 Deerit.
750 3655 889 3724 religionis
904 3668 972 3707 suae
985 3656 1124 3707 adservata
1139 3652 1308 3721 etprolegg.

140 3723 184 3771 ut.
202 3720 317 3773 Senatus
331 3721 398 3772 ades
415 3721 531 3773 laetatus
545 3729 592 3785 est,
610 3727 640 3773 at
752 3739 779 3789 p·
797 3736 895 3773 xxxix·

140 3787 289 3839 eradendos
306 3789 402 3855 alique
418 3788 510 3841 titulos
529 3789 700 3841 abolendam·
784 3793 827 3839 ³9.
854 3786 968 3843 instanti
980 3786 1073 3905 aaa?
1087 3785 1104 3838 i.
1119 3803 1142 3836 e.
1157 3789 1308 3851 praesenti.

141 3871 191 3922 qus
210 3871 311 3906 omnent
329 3856 480 3908 nuenariani
498 3855 653 3909 decerneret.
750 3855 812 3906 l’id.
832 3860 890 3908 ast.
908 3854 944 3907 sd
961 3852 997 3906 de
1013 3854 1042 3905 di
1067 3889 1075 3905 .
1093 3857 1135 3913 15,
1155 3858 1179 3906 1.

175 3921 265 3983 cautis
284 3928 379 3988 postea
397 3923 548 3989 principun
567 3958 593 3974 ..
644 3922 699 3974 issa
784 3923 866 3983 lllll,
887 3926 910 3975 l.
943 3922 990 3974 sul
1008 3921 1081 3974 eaelo
1097 3922 1171 3989 rudi]
1202 3923 1310 3975 caelans

139 3986 249 4038 nemina
264 3989 419 4055 remearit]
439 3991 495 4054 „dr
511 3988 578 4042 haic
590 3939 700 4043 mers·
749 3991 816 4043 rade
832 3990 944 4043 ridetur
959 3987 1062 4057 epponi
1079 3998 1224 4057 perpetrm
1242 3992 1310 4042 caeli

140 4052 182 4105 ott
200 4052 356 4107 sententias
373 4062 511 4125 repugnat
527 4057 650 4111 historia
665 4058 700 4109 de
748 4059 886 4110 serenitati
920 4057 994 4124 apud
1028 4057 1198 4124 Aegyption,
1236 4074 1308 4124 quae

140 4120 292 4173 cammada
303 4120 485 4189 imperatore.
520 4124 700 4177 llerodiansss
749 4134 983 4177 commemoratus
1000 4123 1106 4176 comm.
1126 4124 1150 4187 1,
1168 4130 1212 4187 al,
1227 4131 1253 4176 9.

141 4188 215 4241 enirn
234 4189 255 4253 l,
275 4192 331 4255 rt,
349 4190 405 4241 seri
427 4198 472 4242 tor
490 4191 545 4245 liele
563 4191 699 4261 digoinsl-
782 4195 837 4245 sola
854 4193 963 4261 ingenia
980 4194 1170 4260 magistro...‚
1189 4192 1231 4242 ael
1243 4192 1308 4259 qaia

139 4272 217 4319 raas,
246 4263 342 4310 narrat
365 4274 382 4311 a
450 4261 560 4313 mmoelo
586 4260 699 4314 nomina
751 4262 911 4314 Graecorum
943 4261 1122 4312 elenvatinne
1145 4263 1241 4324 [maan
1265 4259 1308 4309 in·

139 4324 278 4377 mensium
302 4343 365 4378 esse
392 4327 554 4389 immutata,
580 4344 698 4394 quornm
748 4337 862 4382 stractus
878 4328 925 4395 est]
952 4329 996 4380 cl.
1017 4326 1159 4379 Plutarch.
1181 4325 1260 4375 Nom.
1280 4330 1305 4376 l.

140 4393 274 4459 pleraque
285 4394 397 4447 nausias
409 4396 633 4449 coniunctionem
648 4397 699 4450 hu·
748 4393 903 4463 Aayopieoo
919 4385 1011 4461 d’osio,
1030 4387 1067 4454 aie
1087 4394 1132 4446 No
1153 4391 1186 4450 oie
1201 4387 1306 4455 γένοιτο

140 4458 253 4514 bueriat
269 4477 332 4514 caua
347 4463 489 4531 llercule,
512 4480 595 4532 queat
614 4463 698 4520 (lom-
752 4458 928 4530 Πυθαγόρου
953 4457 1088 4529 συνήθης,
1116 4411 1152 4511 Οἵ
1164 4453 1214 4523 lstt
1238 4451 1307 4521 ὅλως
