2812 5242
251 506 613 575 SATURNALIORUM
634 506 710 572 ΠΒ.
732 506 801 572 vll.
828 505 920 572 CAP.
941 506 1011 573 XV.
1028 507 1114 573 xvl.
1201 509 1266 575 aab

98 675 140 738 Et
162 674 379 739 Eratosthenes
402 682 531 739 testatur
553 675 648 740 idem:
1275 676 1318 742 23

250 759 318 822 Καὶ
339 755 451 840 βυθόν
472 755 600 844 ἀκρήτῳ
622 755 790 842 πνεύμονα
809 756 1009 842 τεγγόμενος.

99 842 262 926 Euripides
282 864 354 907 vero
376 844 467 907 huius
488 846 532 908 rei
555 842 817 908 manifestissimus
837 845 1018 929 astipulator
1039 851 1100 909 est:

255 922 353 1003 Οἶνος
372 925 513 1012 περάσας
533 924 725 1010 πλευμόνων
747 925 911 1011 διαρροάς.

99 1012 178 1075 Cum
205 1011 297 1094 igitur
325 1021 356 1075 et
384 1013 461 1076 ratio
485 1034 651 1099 corporeae
673 1011 805 1077 fabricae
826 1021 857 1076 et
879 1011 1002 1077 testium
1025 1010 1137 1075 nobilis
1160 1014 1317 1079 auom-24

98 1097 171 1160 ritas
192 1097 373 1180 astipuletur
397 1097 526 1172 Platoni,
549 1118 650 1161 nonne
670 1097 809 1180 quisquis
829 1106 933 1161 contra
956 1096 1049 1160 sentit
1069 1096 1202 1160 insanit?
1245 1115 1316 1184 [aas]

183 1182 267 1244 xvl.
311 1184 395 1244 luter
423 1181 496 1245 haec
518 1182 695 1265 Euangelus
722 1181 836 1265 gloriae
858 1182 1047 1246 Graecorum
1075 1181 1212 1244 invidens
1235 1184 1292 1247 etl

101 1263 258 1327 inludens:
291 1266 466 1342 Facessaut,
499 1266 554 1341 ait,
589 1266 664 1329 haec
687 1285 765 1349 quae
791 1266 947 1329 intervos
977 1265 1007 1328 in
1030 1267 1265 1329 ostentationem

99 1348 293 1430 loquacitatis
314 1350 479 1433 agitantur:
504 1351 578 1434 quin
604 1349 723 1436 potius,
745 1349 769 1413 si
793 1349 866 1433 quid
885 1351 974 1414 callet
993 1357 1091 1414 restra
1109 1349 1267 1434 sapientia,

100 1433 178 1495 scire
200 1453 236 1496 er
256 1433 341 1496 rabis
364 1433 450 1509 volo,
475 1455 607 1498 ovumac
629 1434 714 1519 prius
736 1433 869 1497 extiterit
892 1454 931 1498 an
955 1433 1085 1517 gallina‘l
1130 1434 1296 1499 lnridcreP

99 1524 130 1579 te
151 1524 249 1599 putas,
271 1516 408 1580 Disarius
425 1518 483 1594 ait,
519 1528 550 1583 et
571 1527 673 1582 umen
694 1519 834 1602 quaestio
858 1538 949 1601 quam
974 1518 1094 1583 movisti
1114 1526 1147 1583 et
1166 1518 1266 1602 inqui·

100 1601 161 1665 situ
183 1610 214 1664 et
242 1601 320 1664 scitu
343 1602 434 1683 digna
462 1609 517 1665 est.
560 1605 667 1666 locum
692 1602 772 1665 euim
796 1602 852 1667 tibi
879 1603 917 1667 de
944 1603 988 1667 rei
1013 1603 1126 1667 vilitate
1154 1624 1266 1687 conpa-

99 1707 170 1749 rans
194 1685 374 1748 consuluisti
396 1694 499 1748 utrum
522 1687 607 1769 prius
632 1684 741 1770 gallina
763 1707 800 1750 ex
826 1707 886 1751 ovo
913 1707 952 1750 an
979 1708 1069 1752 ovum
1095 1708 1131 1751 ea
1157 1688 1267 1772 gallina

99 1769 246 1853 coeperit:
277 1770 328 1832 sad
352 1770 411 1832 hoc
431 1769 471 1832 ita
493 1770 791 1835 seriisiaserendum
812 1780 871 1847 cst,
901 1778 938 1834 ut
963 1770 1002 1834 de
1028 1791 1065 1834 eo
1086 1771 1196 1835 debeat
1220 1771 1266 1836 vel

99 1856 188 1918 anxie
214 1853 371 1937 disputari.
415 1853 457 1916 Et
479 1854 630 1937 proferam
652 1874 731 1939 quae
753 1855 783 1917 in
804 1864 1104 1952 utramquepartem
1121 1855 1197 1919 mihi
1222 1855 1266 1920 di·

100 1939 195 2003 cenda
217 1938 405 2014 subvenient,
422 1937 584 2004 relicturus
603 1939 659 2004 tibi
679 1946 783 2004 utrum
804 1959 911 2003 eorum
930 1960 1032 2004 versus
1056 1940 1143 2004 malis
1163 1940 1267 2005 videri.

100 2025 132 2090 Si
162 2022 357 2087 concedimus
382 2022 483 2086 omnia
506 2044 586 2107 quae
608 2030 679 2088 sunt
700 2022 865 2108 aliquando
886 2024 1036 2107 coepisse,
1069 2044 1160 2088 ovum
1183 2021 1297 2109 priusd

99 2130 117 2173 a
144 2118 252 2172 natura
283 2106 396 2171 lactum
427 2107 493 2172 iure
518 2108 737 2174 aestimabitur.
782 2108 909 2193 Semper
937 2107 1019 2172 enim
1046 2108 1129 2193 quod
1161 2108 1267 2193 incipit

895 2295 965 2348 Edd-
984 2293 1198 2364 vicahgspdsb]

99 2382 174 2433 Plut.
192 2377 292 2431 Athen.
392 2382 434 2432 23.
464 2379 618 2448 Euripides]
638 2379 681 2431 ct.
697 2377 831 2444 Wagnerl
849 2377 950 2446 lrngm.
970 2378 1067 2430 lucent.
1080 2378 1164 2442 cxx,
1182 2377 1265 2430 Both.

101 2450 202 2516 fragm.
220 2448 348 2497 incliti.
370 2473 402 2485 ·-
428 2441 513 2506 Οἶνος
529 2480 571 2498 ...
588 2441 721 2512 διαρροάς
738 2463 792 2497 am.
810 2445 941 2496 AHSv-a.
962 2472 995 2483 -
1016 2441 1176 2510 πνευμόνων
1189 2446 1268 2510 ρ2-1ι.

167 2514 238 2564 xvt.
276 2516 313 2565 Ca
334 2521 362 2565 ut
382 2515 457 2564 ΧΗ.
487 2516 605 2564 Ουυιιιιιο
623 2514 698 2578 priua
709 2514 796 2578 suerit
813 2531 849 2563 an
867 2513 983 2580 gallina.
1003 2512 1083 2562 cti-b.
1188 2516 1212 2562 1.
1241 2518 1267 2563 et

98 2583 220 2634 inludens
239 2597 292 2632 um.
311 2531 338 2630 ἔ.
358 2581 435 2641 [add.
454 2581 482 2630 in
501 2597 573 2646 mg:
593 2580 731 2643 illudens).
747 2607 782 2618 ·-
804 2581 873 2632 inter
889 2596 942 2630 aas
959 2578 988 2629 S.
1011 2605 1044 2617 -
1068 2594 1178 2629 suumne
1192 2579 1268 2644 prius

99 2647 163 2713 eet}
186 2647 227 2698 Cl.
251 2648 324 2699 Plut.
338 2647 434 2714 Symp.
451 2647 495 2706 ll,
515 2650 546 2708 8,
565 2650 591 2696 2.
693 2650 719 2698 2.
749 2663 829 2712 quam
846 2647 992 2697 movisti..
1011 2646 1098 2714 dignu
1116 2644 1267 2696 estam.P

99 2713 248 2777 (sudditis
266 2715 357 2765 tribus
375 2713 542 2773 asteriscis).
562 2741 589 2751 -
620 2713 707 2766 locata
724 2714 792 2765 enim
809 2713 911 2779 scripsi
930 2729 945 2763 e
962 2711 1034 2763 coni.
1061 2713 1120 2763 virt.
1138 2712 1267 2779 Symbal.

98 2800 124 2849 p.
146 2785 185 2833 12.
225 2783 294 2832 Cum
318 2783 386 2831 enim
406 2779 604 2830 dhlbltdessV.
643 2781 708 2831 Gsr
728 2782 796 2832 esaim
820 2780 950 2832 Slls-bP.
988 2782 1057 2831 Cum
1084 2780 1152 2830 enim
1177 2795 1223 2830 nae
1247 2777 1266 2829 i.

102 2852 145 2900 'l's
165 2849 232 2898 enisa
248 2863 295 2898 sne
307 2847 424 2912 vc-ng.
443 2872 475 2885 -
494 2846 631 2898 uilitated
649 2861 665 2896 a
683 2864 739 2898 sec.
760 2864 795 2897 ιιι.
811 2846 830 2898 S
847 2848 903 2916 (hg
921 2846 948 2898 ia
967 2848 1039 2913 sug.)
1058 2845 1266 2897 uattaat’allv.

97 2917 225 2967 utilitate
241 2913 262 2964 A
281 2929 297 2964 ιι
314 2931 340 2980 p.
358 2930 394 2964 m.
416 2914 484 2963 bea.
501 2913 558 2963 ΗΡ,
575 2939 610 2951 -
627 2930 787 2980 competens
803 2920 888 2975 (corr.
905 2914 933 2966 in
952 2915 1021 2979 res.)
1038 2915 1067 2964 Α.
1104 2913 1268 2980 compareris

99 2983 139 3034 P6
156 2983 218 3041 (112
235 2982 260 3032 ri
277 2996 310 3031 ex
328 2985 424 3040 corr).
449 2979 653 3044 „Participium
671 2998 827 3049 comparant
845 2983 956 3033 videtur
974 2986 1163 3049 corruptam.“
1182 2980 1268 3031 Grou.

100 3049 127 3100 in
146 3065 234 3114 marg.
255 3075 288 3086 ·-
306 3049 461 3099 consuluisti
478 3063 532 3096 am.
551 3047 607 3096 1112.
623 3072 656 3085 -
672 3051 793 3117 caeperit.
809 3050 859 3081 ⁸¹⁴*
871 3051 929 3103 s-b·
964 3049 1096 3115 prodiet
1112 3048 1159 3098 Pa.
1216 3063 1266 3097 re-

101 3117 221 3168 diitai.
254 3117 408 3183 prodierit
425 3132 476 3182 e·g
494 3115 527 3174 (h
546 3113 574 3164 in
592 3117 800 3185 mg.eoeperit).
902 3119 929 3166 8.
957 3114 1163 3166 existimabitur
1180 3063 1266 3179 ghgb.

99 3290 305 3341 coniiciebasu=
328 3286 388 3355 Πρὸ
405 3286 489 3349 κυνός
508 3285 559 3340 τὸν
577 3283 658 3339 nvei-
707 3288 848 3357 quaestio
868 3287 904 3338 ad
922 3288 1007 3340 recha
1025 3288 1120 3358 digus
1138 3295 1194 3340 eet.
1219 3288 1264 3340 io·

97 3353 158 3421 μον’
177 3353 313 3406 intonsae
334 3353 396 3423 ἔχγι
425 3356 473 3406 sed
495 3355 605 3406 haesito
628 3357 657 3404 in
706 3373 774 3408 eum.

98 3429 227 3485 correpta
254 3420 345 3486 prima
372 3422 485 3487 syllaba
508 3423 587 3474 vocis
616 3418 658 3473 ἔκ·
741 3418 905 3485 consuluisti]
922 3418 982 3470 l'id.
999 3422 1129 3489 prolegg.
1145 3439 1172 3488 p.
1188 3438 1265 3473 mv.

98 3489 206 3539 1οντον.
741 3485 864 3554 coeperit]
886 3486 976 3537 lluins
999 3487 1077 3539 verbi
1097 3504 1167 3540 novo
1185 3489 1267 3540 moda

131 3556 174 3602 21.
209 3551 278 3603 ratio
298 3567 437 3616 corporeae
455 3552 588 3617 fabricae]
613 3551 657 3604 Cl.
707 3554 835 3618 usurpati
858 3553 924 3618 quin
943 3555 1087 3620 glossema
1105 3555 1142 3607 sit
1158 3557 1267 3622 prodie-

98 3620 204 3671 Comm.
230 3618 256 3679 l,
274 3621 304 3679 6,
325 3622 367 3666 St.
393 3619 484 3669 Totius
499 3620 658 3684 fabricae
707 3624 758 3682 rit,
774 3621 846 3686 quod
865 3619 972 3688 legitur
989 3621 1016 3672 in
1035 3622 1097 3674 edel.
1115 3630 1196 3685 vett..
1213 3639 1267 3674 auu

97 3689 264 3754 diepensetor
280 3693 304 3736 et
322 3685 453 3735 daminus.
708 3687 815 3740 dubita.

130 3757 236 3807 testium
252 3750 518 3818 nobilisuueturitus]
533 3748 577 3801 ci.
593 3767 658 3816 pro·
742 3755 784 3805 cel
809 3753 899 3819 anxie]
927 3753 1031 3805 dictam
1056 3759 1099 3804 est
1126 3771 1177 3820 pru
1203 3754 1267 3805 diti-

98 3822 175 3888 legg.
205 3839 231 3886 p.
256 3836 324 3871 xasa.
348 3835 389 3883 sq.
430 3818 599 3870 Plutarchus
624 3819 659 3870 cle
708 3822 876 3889 geminiane,
907 3826 938 3871 ut
960 3837 984 3872 c.
1008 3823 1036 3884 1,
1060 3822 1077 3883 S
1101 3824 1142 3872 15.
1172 3822 1269 3873 unxiae

96 3888 216 3940 Stoicos.
247 3902 365 3952 repuga.
394 3887 437 3935 29.
467 3900 494 3948 p.
523 3887 596 3935 latr.
626 3885 660 3935 1).
709 3920 735 3938 ..
753 3888 926 3953 quaestiones.

117 3962 210 4006 raeter
249 3954 301 4003 hos
337 3956 434 4017 poetas
469 3949 538 4000 citat
572 3956 660 4001 testes
743 3954 905 4018 subvenient]
932 3952 1006 4004 idem
1034 3952 1112 4005 valet
1139 3952 1212 4019 quad
1238 3955 1268 4006 iu

96 3972 313 4088 hippocratem.
350 4015 564 4081 Philistionem,
593 4017 660 4067 uto·
709 4028 820 4072 suentem
837 4021 949 4071 venient.

97 4089 124 4139 xi
147 4105 211 4153 pum
226 4088 454 4153 Hippocrateum.
743 4091 768 4137 3.
804 4104 821 4137 ss
841 4087 951 4152 nutura]
969 4083 1031 4137 vta.
1050 4089 1106 4137 aut.
1125 4084 1160 4139 ud
1181 4103 1204 4138 c.
1223 4091 1266 4153 15,

157 4155 251 4216 1Ὶ,2.
288 4153 387 4217 locum]
414 4152 560 4202 llaeevax
578 4165 595 4200 a
614 4165 659 4200 me
709 4155 771 4217 58.

95 4221 256 4273 coniectura
273 4220 406 4271 restituta
424 4217 504 4269 unice
519 4233 659 4268 commea·
743 4220 813 4287 qaod
831 4219 885 4270 inci
903 4220 932 4279 it,
950 4218 1121 4285 inperfectam
1140 4220 1226 4273 ediec
1242 4229 1267 4275 et

95 4288 179 4339 alatur
202 4288 239 4338 iis
258 4303 328 4352 quae
352 4293 518 4352 sequaninis
546 4284 658 4335 sedisne
708 4287 821 4349 informe
846 4237 900 4350 “th
925 4283 968 4335 Cl.
989 4285 1133 4338 Plutarch.
1157 4288 1175 4338 Ι.
1193 4305 1218 4339 c·
1238 4306 1266 4352 p.

95 4356 135 4406 its
156 4356 257 4406 seriis
277 4355 445 4405 inserendum
468 4358 522 4410 est,-
548 4357 657 4401 etser·
708 4357 767 4405 636,
787 4352 818 4403 Β.
838 4351 869 4402 C.
892 4350 949 4403 Καὶ
982 4346 1267 4437 ὰραὶτέγναιπρῶ-

95 4421 141 4472 bis
160 4421 173 4486 ρ
194 4425 249 4470 lb:
272 4421 342 4485 Quia
358 4428 381 4472 et
401 4436 437 4470 es
461 4418 544 4469 iocis
568 4419 658 4469 serie
707 4436 756 4471 τον
776 4414 908 4471 ἀτύπωτα
930 4370 982 4471 aad
998 4437 1114 4487 αμορφα
1133 4415 1268 4470 πλάττου-

90 4490 161 4552 fucit
178 4489 305 4539 uiolentia
322 4487 461 4553 loquendi,
488 4490 517 4535 et
535 4483 570 4535 iis
587 4499 657 4548 quae
708 4500 765 4552 σιν,
780 4481 839 4537 εἶτα
856 4479 972 4552 ὕστερον
990 4482 1092 4539 ἕκαστον
1108 4489 1167 4545 τοῖς
1184 4485 1266 4538 εἴδεσι

94 4556 230 4620 leguntur
256 4554 361 4604 Camm.
390 4552 418 4615 l,
443 4555 492 4613 22,
517 4554 557 4601 10.
587 4551 658 4617 quod
709 4552 908 4618 διαρθροῦσιν·
1008 4550 1051 4604 διὸ
1069 4551 1116 4603 unt
1133 4552 1166 4618 τῇ
1185 4547 1267 4617 φύσει

96 4625 265 4675 vilitatem
296 4621 360 4672 ioci
395 4618 549 4669 scurrilis
582 4634 657 4669 esce·
707 4617 866 4684 τὸπρῶτον
883 4612 1267 4683 εἰκόςέοτινᾶτρέμανινοό-

94 4691 144 4742 rlit.
182 4687 339 4754 Vestigium
363 4685 500 4752 quoddam
525 4684 587 4735 eius
608 4685 657 4735 ale-
708 4699 742 4752 ογ
766 4681 818 4752 τὴν
847 4679 916 4749 ὕλην
941 4680 1093 4751 ἀργοτέραν
1115 4680 1267 4739 imerius

94 4756 253 4823 prehendas
288 4754 317 4805 iu
354 4753 455 4804 laeana
486 4749 591 4803 codicis
618 4750 657 4802 Pe
707 4746 837 4811 τόπους
870 4748 1048 4817 ἀμόρφους
1082 4750 1141 4803 sul
1172 4747 1264 4819 ἄορί-

93 4824 238 4878 ahesraait
261 4819 373 4876 scilicet
398 4817 535 4873 librarius
554 4832 572 4872 a
588 4832 658 4872 vase
708 4829 809 4880 σιονρ
821 4813 1001 4886 ἐκφέρουσαν,
1018 4813 1110 4886 ὄναρ
1127 4816 1164 4870 ssi
1180 4811 1233 4872 risi.
