2812 5242
279 402 644 471 saruuuatlolttut
674 403 750 468 LlB.
774 405 798 468 l.
827 405 918 472 CAP.
941 407 998 471 xl.
1184 409 1222 474 lll

21 550 30 647 ,¹
47 592 154 639 scum
178 573 308 638 ceteris
328 572 447 638 ancillis
468 571 525 637 suh
547 570 670 636 nomine
691 571 883 638 dominarum
901 574 939 639 ad
960 574 1064 640 hostes
1082 575 1277 662 iturumzpscsp

46 658 212 744 lahituque
254 657 522 723 matrumfamilias
561 665 592 721 et
629 655 779 743 virginum
814 667 936 744 sumpto
976 660 1115 725 hostibus
1155 681 1225 725 cum

45 745 308 830 prosequentium
338 742 471 808 lacrimis
506 741 541 805 ad
573 741 663 806 fldem
699 743 812 808 doloris
844 744 977 830 ingestae
1007 754 1087 810 sunt.
1137 744 1278 824 Quanto

10 878 12 895 .
46 852 103 895 cum
136 851 156 894 a
188 829 288 894 Livio
318 828 480 893 incastris
508 827 688 892 distributae
712 827 854 906 luissent,
885 829 966 893 viros
997 831 1128 915 plurimo
1156 832 1226 895 vino

47 922 300 1001 provocaverunt
322 913 402 978 diem
425 911 534 977 testum
555 913 636 998 apud
664 934 697 977 so
723 935 790 978 esse
818 914 1009 978 simulantes:
1039 916 1150 999 quihus
1177 938 1226 980 so-

47 1002 153 1087 poratis
179 1021 222 1064 ex
248 1000 361 1063 arhore
383 998 525 1083 caprilieo
549 1018 628 1082 quae
649 999 755 1063 castris
777 1007 842 1064 erat
862 1001 998 1084 proxima
1023 999 1141 1084 signum
1164 1003 1226 1064 Ro-

48 1087 137 1150 uaais
160 1085 336 1149 dederunt.
389 1083 453 1162 Qui
476 1103 545 1147 cusu
568 1084 724 1168 repentina
745 1083 918 1149 incursione
940 1092 1142 1170 superassent,
1165 1086 1279 1150 τηε-10

49 1192 108 1237 nor
129 1170 287 1236 beneficii
310 1177 434 1234 senatus
453 1188 559 1232 omnes
581 1169 703 1233 ancillas
723 1189 816 1233 manu
838 1169 926 1233 iussit
945 1170 1041 1234 emitti
1064 1171 1229 1255 dotemque

51 1255 90 1321 his
106 1278 147 1320 ex
195 1255 308 1321 ublieo
330 1252 402 1318 lecit
423 1261 454 1318 et
473 1261 614 1317 ornatum
637 1274 698 1338 quo
720 1263 794 1320 tunc
814 1262 900 1318 eraut
921 1275 996 1319 usae
1017 1263 1136 1338 gestare
1157 1277 1229 1319 eon-

53 1343 145 1418 cessit,
168 1279 325 1426 diemque
346 1340 447 1424 ipsum
466 1339 571 1404 Nonas
593 1338 773 1424 Caprotinae
792 1339 980 1437 nuncupavit
1001 1339 1040 1404 ah
1061 1340 1110 1403 illa
1132 1339 1229 1426 capri-

53 1426 104 1492 lico
122 1448 165 1492 ex
187 1446 256 1512 qua
277 1425 396 1509 siguum
418 1424 563 1488 victoriae
584 1432 745 1509 ceperunt,
783 1424 1026 1510 sacrificiumque
1049 1425 1155 1490 statuit
1176 1446 1229 1489 an-

53 1532 105 1576 aua
134 1510 352 1576 sollemnitate
379 1508 606 1584 celebrandum,
643 1509 693 1575 cui
720 1509 767 1574 lac
790 1509 873 1594 quod
901 1530 937 1573 ex
962 1531 996 1574 ca
1019 1509 1105 1574 rissco
1127 1517 1231 1575 manat

71 1608 175 1683 ropter
199 1595 384 1661 memoriam
406 1593 475 1658 lacti
493 1593 701 1680 praecedentis
720 1593 890 1659 adhibetur.
943 1595 982 1660 Se
1024 1616 1081 1660 nec
1102 1595 1139 1658 ad
1163 1595 1277 1681 phi-41

56 1618 284 1767 hsophandum
316 1680 454 1765 ineptum
480 1679 525 1743 vel
550 1679 637 1764 inpar
658 1680 766 1743 servile
791 1679 946 1764 ingenium
974 1679 1039 1745 luit.
1082 1679 1230 1744 Phaedon

57 1788 85 1830 ca
107 1767 243 1831 cohorte
266 1765 424 1830 Socratica
444 1764 624 1848 Socratique
645 1773 676 1829 et
697 1764 819 1829 Platoni
841 1764 1049 1850 perfamiliaris
1070 1765 1161 1841 adeo,
1195 1775 1231 1830 ut

57 1853 140 1917 Plato
167 1853 239 1917 eius
266 1850 384 1914 nomini
411 1850 520 1913 librum
550 1850 633 1913 illum
658 1849 791 1914 divinum
816 1850 853 1913 de
874 1850 1092 1916 inmortalitate
1112 1850 1231 1914 animae

59 1937 178 2015 dicaret,
199 1956 308 2001 sersus
330 1933 388 1999 luit
406 1932 501 1998 lorma
523 1943 615 2019 atque
633 1934 755 2019 ingenio
778 1935 901 1999 liberali.
945 1936 1036 2000 Hunc
1055 1934 1152 2000 Cebes
1173 1936 1230 1999 So-

58 2022 188 2087 craticus
215 2021 360 2086 hortante
389 2020 516 2084 Socrate
545 2020 655 2085 emisse
674 2020 787 2084 dicitur
815 2018 957 2084 hahuisse
1002 2018 1074 2083 cin
1096 2018 1230 2103 philoso-

60 2106 145 2192 phiae
177 2106 363 2192 disciplinis:
401 2113 494 2190 atque
521 2103 546 2168 is
573 2113 679 2191 postea
694 2103 904 2254 philosophus
930 2105 960 2168 in
974 2102 1065 2169 ustris
1094 2103 1230 2168 emersit:

61 2212 277 2277 sermonesque
302 2190 430 2255 eiusde
455 2189 581 2255 Socrate
602 2188 692 2255 admo
715 2211 767 2255 um
790 2190 942 2273 elegantes
970 2190 1120 2275 leguntur.
1168 2189 1282 2254 ntiitt

64 2296 190 2361 quoquc
209 2298 269 2341 uon
292 2275 386 2361 pauci
416 2274 494 2339 servi
520 2272 644 2340 luerunt
669 2276 722 2360 qui
744 2283 815 2361 post
832 2273 1005 2422 philosophi
1027 2273 1099 2339 clari
1123 2274 1230 2339 extite-

67 2370 154 2424 runt:
184 2381 219 2425 er
258 2362 351 2427 uibus
372 2360 423 2424 ille
442 2359 605 2445 Menippus
624 2358 695 2437 luit,
722 2360 810 2425 ouius
844 2361 925 2424 ihros
944 2361 987 2424 M.
1007 2360 1107 2424 Varro
1130 2358 1160 2422 iu
1183 2379 1231 2423 su·

65 2446 141 2510 turis
161 2382 330 2511 aemsdatus
358 2453 420 2521 est,
452 2464 528 2543 quas
552 2444 602 2509 alii
628 2444 774 2531 Cynicas,
807 2444 871 2529 ipso
893 2444 1024 2529 appellat
1045 2442 1232 2527 Menippeas.

64 2530 124 2597 Sed
143 2539 174 2598 et
192 2530 375 2599 Philostrati
398 2529 592 2616 Peripatetici
618 2550 722 2597 sersus
743 2526 911 2615 Pompylus
932 2535 963 2592 et
983 2526 1115 2591 Zenonis
1137 2526 1233 2592 Stoici

858 2712 929 2764 Edd.
947 2710 1163 2781 sicahgspdsh.]

62 2810 164 2871 tesaqae
182 2802 230 2854 eis
246 2800 319 2852 Edd.
336 2800 370 2852 P.
389 2828 423 2838 -
445 2801 596 2868 caprotinas
612 2817 697 2852 nonas
715 2799 746 2851 Α.
765 2827 797 2837 -
822 2816 836 2850 a
870 2805 953 2850 crant
970 2796 1023 2848 AV.
1126 2798 1170 2846 «ll.
1195 2811 1233 2848 ne

64 2874 140 2936 (sup.
153 2869 242 2921 adds
271 2869 303 2919 V.
321 2895 356 2906 ·-
377 2868 502 2920 Phaedon
522 2905 566 2920 ...
584 2861 727 2935 ἀνάπηρος
745 2868 776 2930 (S
792 2816 867 2934 staff
879 2866 916 2917 cl.
926 2864 1002 2916 Geli.
1012 2862 1045 2916 N.
1056 2862 1086 2914 d.
1098 2862 1136 2925 ll,
1147 2867 1187 2914 18.
1200 2890 1232 2901 -

67 2936 254 2989 Foedasti.
292 2937 386 2988 Fedon
405 2942 480 3002 (sap.
500 2935 608 3001 adds)
626 2935 684 2987 AG.
723 2935 852 2987 Phedron
867 2950 944 2987 1,-
964 2933 1070 2984 Sacrati
1087 2935 1156 2992 (om.
1169 2930 1232 2997 que)

65 3022 92 3056 s.
108 3034 142 3044 -
159 3006 279 3056 divinans
299 3005 394 3055 libram
414 3009 481 3063 (om.
505 3004 595 3066 illum)
614 3005 645 3053 11.
663 3029 696 3041 -·
718 3004 878 3069 aluisseqae
897 2999 956 3052 eod.
976 3000 1046 3068 leeg.
1066 2999 1139 3065 apud
1159 2998 1234 3050 Geli.

66 3074 83 3123 l.
100 3090 121 3122 e.
142 3074 223 3139 proh.
241 3073 328 3123 Gran.
348 3079 376 3121 et
395 3069 474 3122 laissa.
492 3099 528 3111 ·-
546 3073 601 3123 eius
616 3087 669 3121 om.
691 3071 721 3121 d.
744 3098 777 3107 -
797 3071 934 3121 dieantur
950 3067 980 3119 S.
1084 3070 1126 3118 42.
1153 3074 1234 3132 saty-

64 3142 100 3192 ris
111 3141 182 3193 ΕΜ.
195 3141 226 3192 l'.
240 3167 275 3178 -
293 3140 458 3207 appellauit
475 3156 552 3207 sc-g.
563 3166 594 3175 -
608 3138 853 3206 „Theophrasti
869 3137 899 3193 P.
912 3154 932 3188 s.
949 3134 1090 3203 Pompylus
1108 3134 1235 3186 emenda.

96 3309 132 3359 ad
149 3308 236 3373 fidem
261 3307 371 3373 aldonis]
403 3305 463 3358 Non
486 3311 530 3356 est
553 3304 625 3371 qaod
710 3320 890 3372 sermonesque
907 3304 964 3355 eius
978 3303 1011 3354 de
1028 3299 1146 3368 Socrate]
1175 3301 1193 3352 i.
1211 3317 1235 3352 c.

66 3392 124 3427 eam
144 3376 253 3426 'Lcssuio
270 3391 456 3441 quaesumus,
483 3389 548 3424 num
568 3374 627 3424 hla-
679 3372 853 3439 Σωκρατικοι
870 3365 999 3437 διάλογοι.
1023 3369 1157 3431 Dialogus
1174 3367 1236 3419 eius

65 3445 176 3496 crsshius
199 3443 350 3510 scripserit
374 3444 438 3494 doh'·
474 3441 627 3493 l'oluerunt
676 3440 826 3492 nonnullos
852 3444 1072 3491 commemorant
1095 3435 1236 3502 Diogenes

66 3513 136 3563 eaisn
161 3512 281 3563 Romani
306 3511 391 3561 iidem
416 3511 510 3561 lucere
534 3508 626 3561 dolosi
676 3507 806 3559 Laertius
832 3507 875 3569 ll,
893 3509 949 3556 tot.
968 3505 1020 3570 (cl.
1039 3506 1106 3567 (th),
1125 3503 1237 3563 suidas,

65 3581 206 3631 simulato.
675 3576 786 3627 Pollux.
823 3574 882 3625 t'it.
907 3572 1019 3624 Febris.
1037 3572 1112 3624 utut.
1132 3573 1181 3624 Ga.
1200 3571 1237 3636 ll,

95 3650 222 3723 ingestae
239 3646 310 3711 sunt]
332 3644 406 3696 hliro
424 3644 505 3695 modo
522 3643 626 3694 dictum
675 3647 720 3707 2³,
738 3648 780 3696 89.

67 3724 117 3768 ‘⁸²'
154 3715 224 3789 imm
242 3713 298 3764 ⁸¹³³
316 3729 363 3794 ’.θ’
388 3713 519 3794 mquid
544 3709 630 3761 ,Μ’
712 3736 755 3786 42.
793 3731 944 3801 Menippus]
974 3730 1014 3782 De
1035 3730 1090 3782 hoc
1111 3730 1239 3797 philoso-

66 3800 116 3835 nas
138 3782 191 3843 at,
211 3785 250 3833 ll.
284 3782 332 3831 Uhs
354 3783 559 3843 confertissimos
581 3779 628 3829 ho-
680 3801 875 3869 phocynpm,
902 3799 948 3866 ,μή
971 3799 1025 3850 pust
1047 3804 1161 3850 auctore
1185 3795 1239 3846 Fu·

67 3861 126 3912 stes,
145 3850 245 3916 inquit,
259 3865 385 3917 pugnare
401 3849 585 3915 conspexisset,
598 3862 628 3898 eo
677 3870 768 3921 brido
787 3869 862 3920 ΒΜ.
881 3868 931 3918 Gr,
950 3867 1006 3927 m,
1030 3868 1066 3915 ¹3¹
1103 3864 1240 3929 spnopffl.

68 3916 511 4052 “ff'iffigffimgijvmu
526 3982 627 4046 cam.
678 3937 718 3989 sis
736 3938 841 4020 patriq,
873 3943 935 4016 ortu
958 3932 1129 4008 Phoenicius
1148 3931 1241 3982 Gada-

82 4055 88 4066 .
133 4022 141 4035 ⁶
309 4051 316 4067 .
353 4046 388 4103 ὠ
412 4048 461 4103 ab
541 4049 627 4117 [fico]
677 4024 779 4112 sensas,
797 4006 852 4111 ssd.
871 3999 1163 4103 Dsog.Laest.ll‚99
1180 4014 1239 4103 sqq.

68 4062 304 4173 32³1:anss
304 4058 332 4171 h,
349 4134 374 4169 0,
391 4112 450 4169 χαι
460 4062 632 4183 πτερω,
714 4114 789 4150 cusas
813 4096 894 4148 hhros
912 4093 956 4209 (apl
979 4093 1063 4209 harpa
1089 4098 1241 4209 calcaturos

69 4178 632 4321 {gechcmsmlppp
680 4166 832 4313 alltc
845 4163 921 4312 tlh
937 4158 1120 4309 tttttattl,
1138 4161 1242 4279 ahl:

71 4318 280 4390 ὼομαζόμῃω,
297 4318 631 4373 .ιο.ῃιιι,1,ο,ιῑῃ,45,
681 4319 739 4354 man
761 4303 788 4382 ips
812 4301 866 4350 alhs
889 4298 1147 4378 palestinaeque,
1174 4309 1242 4361 pase

71 4392 154 4443 vam,
174 4394 193 4443 p,
212 4411 237 4441 ῃ,
255 4389 292 4441 aa
310 4386 387 4453 μθ,
685 4370 873 4435 Mensppum
891 4371 1029 4424 amatote,
1043 4382 1095 4414 non
1114 4369 1243 4429 antespas-

102 4462 141 4509 41,
169 4457 307 4522 phaedon]
321 4452 365 4507 ol.
376 4452 631 4521 pmtnrflemnm,
681 4438 742 4499 tasi,
755 4435 870 4510 quadam
888 4432 1026 4511 hilaritate
1044 4431 1243 4509 conspersiones,

72 4529 140 4579 unde
158 4528 230 4578 hm
248 4527 398 4586 dognmptg
416 4528 492 4581 mm,
514 4520 632 4571 megan.
682 4505 767 4556 sssalta
786 4501 901 4551 admisto
918 4514 949 4549 es
965 4495 1245 4577 sntsmaphslasophsss

73 4594 136 4646 cim„
153 4596 205 4651 111ι
216 4597 261 4654 25,
280 4595 330 4651 15,
350 4596 377 4639 ,η
395 4590 476 4657 mog,
489 4589 582 4639 ham,
595 4588 633 4651 ῃ,
681 4572 768 4624 malta
785 4569 858 4621 diota
873 4566 1018 4617 dialectice.
1054 4563 1114 4612 lad.
1132 4570 1190 4612 nat.
1208 4558 1244 4612 ud

73 4665 100 4712 31
120 4671 147 4714 ct
170 4668 246 4725 lilla,
278 4659 326 4724 qui
352 4674 414 4708 aum
437 4658 579 4723 captivum
604 4656 632 4707 in
684 4639 778 4699 e.‘l.§
798 4638 837 4684 ¹²·
1123 4710 1130 4724 ι

73 4732 232 4783 servitutem
270 4723 405 4777 incidisse
438 4724 571 4786 tradidit,
607 4729 636 4775 et
722 4715 888 4783 Philostrats]
902 4714 982 4765 hicet
995 4729 1092 4764 versam
1107 4718 1145 4763 sst
1161 4710 1246 4763 'Pheo-

75 4797 245 4852 dtheaaeusu
265 4792 317 4857 xl,
337 4795 405 4855 lle„
420 4809 447 4858 p.
463 4797 523 4845 6⁰7.
541 4809 565 4843 c.
684 4789 802 4858 phrasti,
834 4790 866 4838 ut
893 4789 971 4836 reete
996 4780 1068 4834 sidit
1093 4778 1246 4837 hieursius.
