2812 5242
130 164 191 231 180
611 154 821 221 Macuoun

99 335 181 401 litun
202 336 353 395 vocantes.
401 326 443 390 Et
466 331 548 388 certe
575 323 652 388 ratio
674 323 820 388 naturalis
843 322 935 406 exigit
960 332 995 388 ut
1017 323 1047 387 di
1074 325 1182 389 caloris
1204 327 1301 390 caele-

128 418 183 481 stis
208 423 346 499 parentes
368 410 464 493 magis
487 409 663 473 ironrinilrus
684 429 776 493 quam
803 429 836 472 re
859 409 1089 492 substantiaque
1112 410 1199 473 dirisi
1226 412 1302 474 sint:

128 502 276 565 servorem
298 506 400 561 autem
421 514 483 578 quo
501 494 620 557 animus
640 493 829 557 excandescit
849 493 1059 577 excitatusque
1080 495 1153 558 alias
1171 496 1208 559 ad
1226 496 1300 559 iram

128 587 202 651 alius
222 584 258 647 ad
277 583 403 645 virtutes
426 598 656 662 nonnumquam
679 578 717 643 ad
736 577 910 662 temporalis
929 578 1040 642 luroris
1064 600 1229 657 excessum,
1249 603 1304 666 per

129 691 205 754 quas
228 689 276 731 rcs
297 666 387 730 etiam
413 664 490 728 bella
517 671 697 740 nascuntur,
728 664 859 728 Martem
882 664 1185 746 cognominaverunt,
1215 666 1303 731 cuius

129 755 189 820 vim
213 760 303 838 poeta
321 749 517 834 exprimendo
535 758 566 812 ct
586 747 774 813 similitudini
797 747 875 830 ignis
893 748 1071 832 adplicando
1091 751 1150 814 ait:

82 859 150 927 {305}
261 837 410 899 Malvesa
432 831 460 897 δ’
483 829 526 908 ὥς
548 829 584 897 ὅτ
608 828 708 917 ’Ἄρης
732 829 924 915 ἐγχέσπαλος
945 828 965 914 ἢ
987 829 1085 897 ὀλοὸν
1106 837 1183 917 πῦρ.

128 926 165 988 ln
186 943 305 987 sumnia
329 919 588 1006 pronuntiandum
618 927 665 982 est
689 918 831 982 effectum
859 918 941 992 solis,
964 920 1002 982 dc
1028 940 1090 1004 quo
1114 919 1215 985 lerror
1237 921 1301 984 ani-

128 1029 260 1083 morum,
282 1008 320 1070 dc
343 1026 405 1089 quo
426 1005 508 1068 calor
528 1003 682 1086 sanguinis
702 1003 861 1080 excitatur,
881 1004 1013 1068 Martem
1038 1006 1148 1069 rocari.

100 1099 118 1160 'l
214 1095 255 1158 Ut
282 1111 354 1155 vero
381 1089 552 1153 Mercurius
581 1088 626 1152 sol
654 1089 816 1173 probetur,
849 1088 989 1172 superius
1016 1091 1124 1154 edocta
1155 1091 1301 1174 suffragio

128 1186 208 1242 sunt
252 1175 393 1240 Eundem
421 1174 501 1238 enim
529 1195 594 1237 esso
617 1173 790 1258 Apollinem
818 1181 911 1257 atque
938 1174 1125 1239 Mercurium
1158 1177 1201 1239 rel
1231 1176 1301 1239 hinc

128 1271 253 1347 apparet
308 1260 369 1324 uod
400 1260 481 1344 apud
517 1259 627 1323 multas
678 1268 763 1324 entes
790 1257 877 1323 stella
905 1259 1050 1323 Mercurii
1081 1261 1118 1324 ad
1148 1262 1300 1345 Apollinis

127 1369 240 1411 nomen
260 1282 405 1421 rddertur,
433 1352 463 1408 ct
486 1343 569 1427 quod
591 1280 702 1429 Apollo
724 1343 824 1409 Musis
845 1344 1011 1426 praesidet,
1040 1347 1213 1410 Mercurius
1237 1368 1299 1409 ser-

99 1433 260 1504 ssmoncm,
280 1431 363 1514 quod
384 1438 430 1493 est
448 1429 606 1492 Musarum
628 1449 748 1505 munus,
768 1428 900 1512 inpertit
943 1428 1069 1494 Praeter
1095 1432 1152 1495 hoc
1175 1452 1300 1515 ‹puoquc

126 1516 314 1580 Mercurium
337 1536 391 1600 pro
414 1515 477 1577 sole
498 1514 614 1577 censeri
634 1513 728 1578 multa
745 1514 928 1578 documenta
947 1525 1035 1579 sunt:
1061 1516 1190 1601 primum
1215 1517 1298 1600 quod

127 1602 309 1666 simulachra
330 1599 475 1665 Mercurii
506 1599 644 1683 pennatis
671 1598 726 1663 alis
752 1600 954 1674 adornentur,
979 1622 1058 1684 quac
1082 1623 1129 1665 res
1151 1610 1300 1665 monstrat

98 1687 199 1754 llsolis
223 1687 422 1751 velocitatem.
470 1684 546 1749 Nam
571 1684 641 1768 quia
669 1684 777 1748 mentis
805 1693 960 1791 potentem
983 1686 1170 1751 Mercurium
1201 1687 1298 1750 credi-

127 1793 207 1848 mus,
238 1772 484 1858 appellatumque
505 1769 545 1832 ita
569 1769 769 1854 intellegimus
792 1765 858 1834 arrd
880 1771 939 1833 τοῦ
961 1766 1162 1855 ἑρμηνεύειν,
1197 1781 1228 1835 et
1253 1772 1297 1834 sol

126 1858 232 1921 mundi
256 1879 340 1922 mens
363 1866 424 1932 est,
456 1876 574 1921 summa
596 1864 698 1919 autem
720 1863 766 1919 est
788 1856 930 1921 uelocitas
954 1857 1078 1933 mentis,
1111 1867 1145 1921 ut
1169 1857 1211 1919 ait
1233 1858 1296 1919 Ho-

127 1962 243 2008 merus:

194 2112 274 2181 [Mae.
293 2112 420 2164 Audes.

124 2197 217 2250 rarius
240 2203 347 2248 tuntum
370 2205 397 2249 et
416 2197 564 2248 Stoeriena
590 2201 727 2249 testantur
751 2198 778 2249 in
798 2197 913 2264 entique
933 2216 996 2249 ease
1019 2199 1130 2250 Netan.“
1155 2197 1241 2247 Gran·
1262 2195 1295 2247 ad

126 2285 150 2317 c.
165 2272 207 2318 21.
227 2269 242 2330 §
264 2271 303 2316 18.
405 2270 429 2315 6.
459 2269 570 2317 diuersi
589 2284 648 2333 r-g.
666 2267 850 2333 —Mau'veanl
872 2269 904 2317 ll.
923 2263 948 2331 d,
967 2271 1026 2316 605.
1046 2263 1128 2317 -δὲ
1148 2260 1184 2324 οἷς
1202 2266 1244 2314 de.
1265 2291 1295 2300 -·

124 2331 301 2400 ἐγχεέσπαλος
314 2327 408 2399 ἥλοὸν
425 2334 453 2384 S.
555 2340 580 2384 t.
611 2337 675 2400 Cap.
694 2335 797 2385 111111.
822 2335 1013 2386 lleMcrcurio.
1033 2352 1047 2384 r
1066 2334 1090 2400 (i
1113 2338 1175 2399 t'np.
1194 2333 1296 2391 llll).

125 2417 165 2452 nrt
185 2417 355 2453 uenenato.
375 2401 458 2450 AllG·
475 2402 513 2437 '-
537 2401 666 2467 superine]
686 2402 867 2453 1161161.-
886 2405 1026 2470 suffragia
1048 2412 1106 2454 srrnt
1126 2420 1187 2465 r-g.
1217 2401 1296 2457 „non

125 2470 196 2520 lrnec
216 2471 307 2519 forme
324 2484 341 2518 u
363 2468 498 2517 Murrolrii
518 2485 567 2517 usn
591 2469 733 2518 elrlrrrrret.
770 2470 817 2519 Sic
842 2474 925 2534 panio
949 2471 1068 2521 inl'eriue
1094 2473 1125 2533 (5
1147 2476 1187 2527 8.)
1213 2470 1297 2520 multu

124 2539 283 2587 documenta
304 2536 395 2584 eunr.“
413 2533 498 2582 Zona.
516 2562 548 2571 -
571 2537 679 2583 eundem
701 2539 769 2594 (our.
789 2539 872 2594 enim)
887 2538 920 2586 G.
946 2566 972 2574 -
998 2540 1127 2602 impartit
1145 2537 1227 2600 Sv-g.

156 2608 183 2653 8.
213 2604 284 2669 quud
299 2615 360 2683 per
377 2600 520 2648 simulacra
535 2600 564 2647 S.
583 2625 616 2636 -
641 2600 770 2663 pinnatis
789 2603 912 2651 narr-nv.
936 2630 969 2640 -
995 2614 1149 2654 monstrant
1168 2605 1227 2654 BG.

158 2675 183 2719 9.
210 2676 237 2719 et
254 2661 310 2717 dno
330 2669 371 2714 vl.
390 2690 420 2699 -
441 2672 478 2714 est
496 2672 582 2713 autem
600 2663 653 2715 BS.
690 2672 727 2716 est
746 2668 823 2729 (add.
842 2684 857 2717 e
877 2686 932 2717 sec.
952 2685 989 2718 m.
1009 2672 1112 2735 autem)
1130 2673 1164 2721 G.
1183 2698 1216 2709 -
1240 2671 1295 2720 llo-

123 2830 344 2885 conterius.
367 2829 681 2895 tl.111,aa.4.§ea.
767 2837 791 2882 ¹t.
831 2834 978 2886 Mercurius
1003 2836 1042 2886 eol
1070 2836 1202 2902 prodetur]
1234 2837 1293 2887 l'id.

121 2904 202 2954 Sira:
234 2900 424 2966 Carthaginem
453 2899 609 2950 conueniunt
631 2918 681 2967 po·
733 2904 839 2952 natm
861 2905 918 2965 §4.

120 2972 180 3037 puli
201 2971 286 3021 LXV·
308 2969 421 3033 exceptis
443 2967 590 3017 iraculorum
610 2969 682 3019 irrra-
766 2971 899 3037 rnffiagio
916 2968 988 3036 sunt]
1007 2969 1152 3034 Singulari
1171 2969 1293 3036 quadum

123 3040 156 3088 lie
169 3074 193 3089 ..
217 3040 258 3089 Es
278 3036 382 3087 colonia
399 3037 562 3086 Accitana
579 3035 682 3087 Gemel-
733 3037 760 3087 vi
780 3039 884 3088 dicitur
903 3055 953 3104 pru
973 3040 1125 3089 adiumento
1145 3047 1214 3089 ruat.

121 3107 213 3156 lenaei.
243 3103 403 3155 Hurduiuua
417 3102 576 3154 adnotavit:
596 3103 681 3165 „Con
766 3107 843 3156 stella
873 3107 999 3156 Mercurii
1024 3109 1060 3156 ad
1089 3109 1219 3173 Apollinis
1244 3125 1293 3157 ao-

124 3175 181 3223 lua.
202 3174 276 3223 Gerr.
297 3171 437 3221 Acerrani
461 3171 533 3236 eprrd
554 3171 634 3222 Grnt.
655 3189 681 3236 p.
733 3189 790 3223 rnen
824 3173 949 3239 refertur]
979 3175 1056 3225 llaec
1085 3192 1218 3241 nrrsqunrn
1249 3192 1293 3225 ma

121 3240 258 3305 211.[6.].
283 3240 372 3299 Aceir,
397 3238 481 3289 lrodie
504 3239 628 3298 Grandia,
653 3239 680 3289 in
733 3240 829 3307 legere
867 3243 991 3292 memini.
1053 3242 1186 3294 l'identur
1224 3259 1293 3307 ergo

122 3307 292 3359 Grenutenei
323 3322 458 3371 regno...
497 3306 527 3356 ln
560 3306 681 3358 nummis
731 3309 817 3358 verbe
853 3313 975 3375 superius
1012 3311 1104 3362 edocta
1148 3312 1294 3362 referende

122 3376 257 3441 antiquis:
294 3372 324 3424 0.
352 3374 372 3424 1.
399 3373 433 3422 G.
460 3373 525 3423 decr
556 3381 584 3424 et
615 3374 682 3426 Cor..
731 3393 793 3426 esee
811 3376 845 3425 ud
865 3394 898 3426 ea
917 3385 1023 3429 tanturn
1043 3387 1292 3444 qrrneeeqnnntnr.

122 3444 197 3494 Gen.
216 3444 313 3493 Aeer.“
326 3468 357 3477 —
371 3441 447 3489 Adde
462 3441 528 3492 ilrid.
547 3459 571 3506 p.
585 3444 644 3491 462.
655 3447 680 3493 4.
765 3445 861 3509 Apollo
883 3447 966 3496 Musis
982 3447 1127 3513 praesidet]
1148 3447 1176 3496 ln
1193 3447 1292 3497 Sutur-

122 3512 153 3561 1ιι
199 3527 271 3560 aceo
313 3510 460 3559 dccrrnuo.
516 3509 680 3560 ltlunnerrua
730 3511 842 3561 aalilrur
862 3513 1022 3563 lllarrolrina
1043 3514 1095 3562 hoc
1114 3514 1207 3564 decerit
1226 3532 1292 3565 nne-

122 3579 225 3641 Geogr.
243 3580 268 3628 d.
287 3576 335 3627 Gr.
357 3592 383 3626 u.
402 3575 435 3624 R.
461 3576 514 3625 vol.
535 3577 555 3625 Ι.
574 3596 600 3643 p.
619 3582 679 3628 388.
730 3595 824 3644 quum,
844 3581 892 3629 aed
913 3582 940 3632 in
959 3581 1064 3631 Comm.
1085 3581 1121 3640 11,
1140 3585 1164 3641 3,
1179 3585 1203 3628 3.

122 3647 165 3696 ed.
185 3647 204 3696 1,
240 3646 327 3696 Accae
353 3643 426 3694 inter
449 3643 550 3694 Oscum
573 3646 680 3711 llerge-
768 3648 914 3698 Mercurius
944 3665 1084 3699 emmonem
1114 3683 1138 3696 ..
1167 3647 1287 3712 inpertit]

122 3720 180 3763 turn
202 3720 230 3763 et
254 3711 383 3764 Larnrim
411 3710 480 3761 eitoa
507 3719 592 3778 negat
614 3730 681 3764 een·
731 3712 773 3764 Cf.
796 3713 1289 3779 c.12§ao.;c.ra.§a.;comm.

122 3783 184 3830 dem
201 3782 299 3831 urlrem
316 3796 379 3830 ease
393 3795 426 3829 ec
443 3779 561 3830 Guadix.
732 3781 754 3839 l,
775 3785 815 3845 12,
838 3785 875 3831 11.

154 3852 171 3897 6
214 3849 310 3898 caloris
329 3847 598 3913 caelestieparenlee]
618 3847 680 3897 Huc
764 3853 789 3898 8.
826 3847 1082 3913 eoliroeloeitatcm]
1105 3848 1187 3899 Conl.
1205 3866 1229 3898 c.
1250 3854 1289 3901 11.

121 3914 243 3964 dictione
271 3915 383 3978 saepius
411 3930 478 3965 rrerre
509 3922 552 3965 eet
580 3914 679 3964 Cicero
730 3918 808 3979 569.

120 3981 169 4042 (ed
186 3982 239 4031 dtt.
257 3981 304 4035 lx,
325 3985 409 4043 10,3.,
428 3981 568 4039 Timet..
587 3984 620 4032 de
633 3982 679 4032 lin.
764 3988 788 4032 9.
824 3985 918 4034 mentis
939 3981 1081 4048 potentem]
1112 3982 1155 4033 Cl.
1174 3985 1200 4045 §.
1217 3985 1242 4032 4.
1263 3990 1290 4035 et

121 4049 260 4111 11,1,1.,
289 4049 323 4097 de
342 4048 396 4114 leg.
416 4047 442 4108 l,
461 4052 511 4114 21,
531 4053 588 4113 62.)
614 4049 679 4100 ulii·
731 4048 844 4100 Cornnt.
865 4069 889 4100 c.
911 4055 949 4100 16.
970 4069 995 4114 p.
1015 4055 1072 4099 161.
1103 4047 1235 4116 Τυγχιὶνει
1260 4050 1289 4103 di

121 4131 188 4181 quc.
208 4123 238 4166 ut
257 4114 328 4164 Plin.
348 4114 380 4165 N.
399 4115 433 4164 11.
452 4118 515 4181 vlt,
533 4122 574 4167 30.
595 4135 616 4167 ι.
635 4120 678 4167 31.
728 4110 757 4166 ‘E
782 4118 844 4182 μής
871 4112 886 4168 ὁ
916 4113 1030 4184 λόγος,
1066 4110 1098 4167 ὃν
1129 4114 1289 4170 ἀπέστειλαν

119 4187 211 4244 §tlt
238 4189 266 4232 et
288 4182 368 4241 xxv,
389 4186 456 4235 Μ.
475 4187 491 4246 §
512 4188 550 4234 11,
579 4185 677 4235 lieret.
728 4136 798 4249 reple
814 4178 886 4249 ἡμᾶς
905 4181 932 4249 ἐξ
947 4181 1069 4249 οὐρανοῦ
1089 4183 1116 4234 oi
1133 4184 1196 4236 θεοὶ
1215 4187 1269 4234 nri.

120 4251 316 4314 οι1.1,10,6.
342 4250 678 4315 speculumhumani
762 4246 818 4303 ἀπὸ
840 4253 890 4304 τοῦ
914 4249 1079 4320 ἑρμηνεύειν]
1103 4252 1180 4303 Cant.
1201 4269 1223 4299 c.
1245 4255 1285 4302 lt.

119 4335 203 4371 rreum
219 4318 376 4383 exernplnm
394 4317 536 4369 adnotari.
727 4320 744 4382 5
764 4323 789 4368 5.

153 4389 189 4437 ad
217 4388 369 4453 temporalia
397 4388 500 4448 suroris
532 4385 674 4452 excessum]
761 4388 800 4437 eol
827 4388 920 4439 mundi
945 4404 1017 4439 mens
1042 4387 1090 4451 ert]
1119 4384 1161 4434 Cf·
1190 4400 1213 4432 c·
1243 4388 1283 4434 18-

119 4452 178 4502 l'id.
195 4455 322 4517 prolem.
344 4471 370 4519 p.
387 4467 457 4502 xm.
727 4456 743 4518 §
760 4457 799 4503 15.

150 4522 319 4587 exprimendo
332 4557 338 4570 .
349 4553 356 4569 .
368 4518 417 4585 ait]
430 4517 489 4569 l'id·
505 4516 573 4569 ibid.
590 4535 616 4584 p.
630 4534 673 4571 ιι..
759 4538 860 4574 rumare
880 4529 918 4573 ert
931 4520 1057 4573 uelociter
1074 4517 1176 4585 mentis]
1200 4519 1285 4583 „lluc
