2812 5242
173 156 235 225 mu
640 148 851 217 Macuouu

39 328 42 333 ’
167 323 264 393 nostri
288 320 393 387 circuli
417 319 547 385 lustrare
571 315 826 403 hemisphaerium
855 336 925 381 cum
952 318 1138 383 incremento
1162 320 1285 385 luminis
1312 332 1342 385 ot

138 410 297 483 delicium.
353 407 402 472 Ab
431 426 505 490 apro
535 410 636 466 autem
663 404 790 466 tradunt
818 402 1034 488 interemptum
1061 405 1198 482 Adonin,
1233 406 1342 470 hiemis

168 494 331 576 imaginem
360 491 392 554 in
418 489 477 554 hoc
503 488 624 552 animali
645 488 809 571 lingentes,
841 489 924 573 quod
948 509 1021 572 aper
1041 487 1178 574 hispidus
1202 498 1232 555 ct
1254 512 1343 575 asper

168 579 281 663 gaudet
306 576 381 641 locis
408 573 542 638 humidis
565 572 672 637 lutosis
694 573 865 658 pruinaque
883 574 1047 650 contectis,
1074 575 1257 659 proprioque
1278 577 1341 640 hio-

169 663 239 730 mali
264 660 366 726 fructu
390 659 536 744 pascitur,
569 657 692 742 glande:
721 679 795 742 ergo
820 658 917 723 hiems
945 659 1037 723 veluti
1060 660 1170 723 vulnus
1194 669 1241 724 est
1260 662 1344 738 solis,

171 769 250 834 quae
268 755 299 811 et
321 746 419 810 lucem
443 744 508 809 eius
531 743 620 808 nobis
641 743 751 808 minuit
771 752 801 807 et
821 744 965 808 calorem:
988 745 1071 829 quod
1091 754 1258 831 utrumque
1280 748 1344 810 ani-

140 832 325 904 5mantibus
347 829 458 894 accidit
483 835 590 894 morte.
635 827 859 893 simulachrum
885 828 975 893 huius
1005 829 1080 893 deae
1105 830 1137 893 in
1164 841 1269 896 montc
1293 833 1344 895 Li-

170 920 251 985 bano
270 915 394 1000 fingitur
415 915 514 999 capite
533 914 687 998 obnupt0,
708 913 809 998 specie
829 913 923 992 tristi,
949 914 1055 978 faciem
1078 937 1171 980 manu
1193 917 1277 981 laeva
1299 918 1344 981 in-

168 1012 216 1069 tra
246 1001 392 1067 amictum
426 1000 594 1075 sustinens,
628 998 769 1063 lacrimae
795 998 912 1064 visione
940 1000 1190 1084 conspicientium
1221 1024 1345 1068 manare

169 1088 351 1154 creduntur:
384 1105 463 1170 quae
484 1084 599 1168 imago,
632 1093 753 1170 praeter
782 1085 864 1170 quod
889 1085 1020 1167 lugentis
1046 1096 1108 1162 est,
1139 1094 1175 1150 ut
1201 1087 1344 1165 diximus,

170 1175 262 1249 deae,
291 1179 391 1236 terrae
415 1191 541 1256 quoque
561 1169 699 1234 hiemalis
725 1176 784 1246 est,
811 1190 873 1255 quo
897 1177 1035 1254 tempore
1054 1171 1191 1256 obnupta
1209 1173 1344 1239 nubibus

171 1257 235 1326 sole
256 1256 379 1321 viduata
400 1264 515 1341 stupet,
548 1255 709 1340 sontesque
731 1254 824 1320 veluti
844 1263 941 1319 terrae
962 1255 1042 1319 oculi
1065 1256 1191 1320 uberius
1212 1268 1344 1335 manant,

121 1364 184 1432 [sta
195 1342 320 1428 agrique
347 1340 467 1406 interim
492 1361 548 1405 suo
571 1341 656 1406 cultu
684 1339 766 1405 vidui
790 1348 936 1405 maestam
963 1339 1070 1405 faciem
1093 1343 1141 1406 sui
1164 1352 1343 1407 monstrant..

143 1430 164 1495 d
213 1429 233 1494 d
255 1449 324 1493 cum
347 1426 393 1492 sol
414 1425 543 1497 ,emersit
565 1426 604 1490 ab
625 1424 818 1491 inferioribus
843 1426 980 1509 partibus
1006 1435 1117 1503 terrae,
1153 1429 1345 1512 aemulisque

172 1511 358 1599 aequinoctii
390 1511 610 1594 transgreditur
640 1510 716 1575 fines
749 1511 890 1593 augendo
924 1510 1017 1575 diem:
1054 1520 1127 1576 tunc
1160 1522 1206 1576 cst
1239 1515 1344 1578 Verius

172 1600 260 1677 laetu,
281 1606 312 1663 ct
331 1597 456 1683 pulchra
478 1596 575 1661 virent
599 1616 669 1660 arva
691 1596 852 1679 segetibus,
893 1603 955 1660 rata
979 1596 1090 1674 herbis,
1113 1598 1235 1663 arbores
1255 1599 1343 1663 loliis.

173 1684 248 1749 ldco
268 1682 397 1748 maiores
417 1681 512 1747 nostri
534 1680 668 1767 Aprilem
691 1701 826 1746 mensem
849 1617 962 1746 theeri
985 1682 1170 1748 dicaverunt.

145 1770 164 1836 'l
258 1767 404 1834 Similiter
425 1768 561 1851 Phryges
584 1765 693 1829 sabulis
720 1774 751 1830 et
776 1787 931 1831 sacrorum
959 1767 1271 1832 administrationibus
1299 1769 1344 1832 in·

174 1854 299 1918 mutatis
321 1853 400 1917 circa
419 1853 548 1917 Matrem
568 1852 668 1915 Deum
689 1858 720 1915 et
742 1851 878 1916 Attinem
900 1851 1004 1915 eadem
1028 1853 1159 1938 intellegi
1181 1861 1343 1937 praestant.

145 1938 255 2019 &Quis
289 1936 369 2003 enim
404 1937 536 2022 ambigat
562 1937 692 2001 Matrem
725 1937 827 2002 Deum
863 1946 974 2001 terram
1003 1937 1130 2003 haberi?
1174 1939 1257 2002 Haec
1288 1939 1343 2002 dou

176 2025 315 2090 leonibus
336 2022 472 2102 vehitur,
505 2021 612 2088 validis
638 2021 754 2108 impetu
775 2030 868 2108 atque
893 2021 1010 2089 fervore
1036 2023 1232 2103 animalibus,
1266 2044 1345 2109 quae

242 2212 322 2281 [Mss-
344 2209 472 2263 ABGPS.

174 2296 266 2350 sexS.
301 2313 347 2347 rer
369 2295 456 2363 signis
479 2295 605 2347 annuis
624 2296 704 2360 r-gb.
735 2292 839 2358 „Certe
859 2294 973 2345 verbum
993 2296 1091 2347 oannis
1110 2292 1280 2347 noninutilo
1298 2297 1346 2348 do-

172 2366 221 2416 het
239 2363 423 2417 catillinario·
440 2363 524 2423 Zeun.
626 2368 650 2415 4.
675 2365 858 2428 interemptum
875 2363 982 2414 adonim
1001 2364 1112 2415 trudunt
1130 2364 1163 2420 G.
1181 2392 1214 2402 -
1233 2366 1346 2415 adonim

174 2433 273 2485 dS.-
293 2432 417 2484 animale
433 2430 488 2482 ΑΡ.
508 2459 542 2471 -
566 2438 597 2483 et
620 2432 713 2484 lutosis
732 2430 800 2482 hed.
818 2429 868 2482 PS.
898 2457 930 2469 -
957 2433 1053 2483 uulnus
1072 2433 1135 2483 solis
1153 2436 1223 2491 (om.
1242 2435 1295 2496 est)
1315 2433 1345 2482 λ’.

177 2529 203 2538 -
224 2500 396 2551 lncemnohic
414 2505 482 2559 (orn.
502 2498 571 2558 eius)
589 2497 617 2548 S.
720 2503 744 2549 5.
772 2508 879 2567 praeter
907 2516 976 2550 asom
995 2500 1200 2567 quodi-egnit
1221 2501 1347 2561 „Sensus

194 2568 266 2621 escit
282 2568 355 2619 hune
373 2565 551 2617 lectionem.“
571 2567 655 2617 Zcun.
677 2593 709 2604 -
727 2573 756 2618 ut
777 2516 902 2634 diximusb
920 2568 936 2631 §
954 2568 979 2618 3.
996 2595 1031 2606 -
1050 2568 1104 2618 sole
1120 2584 1173 2618 orn.
1188 2569 1218 2619 P.
1235 2594 1266 2606 -
1285 2587 1346 2619 ocu·

174 2586 218 2689 iis
236 2638 268 2686 Δ.
372 2637 397 2685 6.
426 2633 533 2685 solum.
552 2634 583 2684 A.
605 2662 640 2673 -
660 2635 809 2688 emerserit
828 2636 913 2702 Δι-ς.
942 2661 976 2673 -
1005 2641 1037 2687 et
1061 2637 1147 2687 lenus
1164 2652 1223 2703 c·g.
1261 2644 1347 2689 estet

208 2821 293 2873 nostri
311 2821 413 2889 circuis]
442 2819 462 2872 i.
481 2837 505 2871 e.
530 2821 735 2889 septentriona-
821 2822 911 2874 codem
944 2821 1067 2888 intellegi
1096 2819 1246 2888 praestent]
1275 2820 1293 2871 i.
1320 2838 1345 2871 c.

175 2891 222 2943 lis.
251 2890 293 2940 Gi.
313 2889 419 2940 Cornan.
440 2890 462 2950 Ι,
483 2892 524 2953 15,
542 2893 582 2944 13.
785 2891 883 2941 eadem
902 2888 1093 2954 intellegenda
1114 2905 1176 2938 esse
1188 2889 1345 2941 ostendunt.

209 2961 233 3009 4.
276 2959 316 3009 At
354 2975 420 3024 apro
459 2958 652 3026 interemptum]
691 2958 736 3011 Gi.
787 2958 938 3009 Verborum
957 2955 1228 3007 constructionem.

176 3025 336 3093 apollodor.
355 3024 580 3077 etOvid.ll.cc.
604 3025 735 3078 Crenacr.
819 3030 845 3075 6.
883 3025 994 3076 Matrem
1020 3024 1101 3074 Derim
1125 3032 1221 3075 terrem
1243 3023 1345 3090 heberi]

175 3096 210 3160 ΙΙ,
232 3112 257 3161 p.
275 3097 327 3144 424
345 3100 374 3143 et
389 3096 440 3142 429
461 3094 480 3144 i.
787 3091 830 3144 ci.
855 3092 928 3143 inira
953 3107 977 3142 c·
993 3093 1041 3153 23,
1067 3094 1142 3155 520.
1174 3091 1285 3143 bucret.
1310 3093 1347 3154 ll,

209 3166 234 3211 b.
270 3163 297 3212 in
316 3167 401 3212 monte
415 3160 532 3279 hibonoq
544 3159 684 3213 Lucienus
702 3161 737 3212 de
786 3164 838 3213 598
855 3178 897 3226 sq.
923 3160 1011 3224 Quare
1030 3176 1151 3227 magno
1171 3161 1258 3210 deum
1284 3177 1348 3210 sno-

176 3227 265 3280 deaS
289 3227 329 3278 ria
347 3232 371 3278 6.
400 3223 486 3280 Εἶδον
503 3229 520 3280 ὃ
539 3266 547 3291 ,
565 3228 671 3294 inquit,
690 3228 737 3280 ιιαλ
787 3237 837 3281 ter
854 3236 989 3295 materque
1002 3231 1124 3292 sororum
1144 3229 1180 3279 Et
1198 3229 1283 3279 nostri
1298 3245 1348 3295 ge-

176 3291 205 3348 ἐν
224 3246 320 3362 Βύβλῳ
337 3289 406 3361 μέγα
427 3292 489 3362 λρὸν
507 3292 664 3363 Ἀφροδίτης
683 3299 737 3348 Bu·
786 3298 874 3348 netrix
898 3296 962 3347 hoec
988 3296 1060 3346 dicto
1086 3303 1124 3348 est
1150 3297 1265 3363 corporis
1293 3314 1349 3346 uno

176 3361 261 3431 βλλης,
278 3356 306 3412 ἐν
321 3361 359 3432 τῷ
375 3360 421 3412 καλ
438 3358 473 3414 τὰ
491 3356 570 3429 ὄργια
587 3360 615 3423 ἐς
623 3358 736 3415 ’Ἄδωνιν
787 3362 930 3425 (Tellus).
952 3362 1100 3431 Angustia.
1116 3363 1150 3413 de
1164 3363 1217 3414 cic.
1231 3362 1276 3414 dei
1289 3364 1349 3425 ΙΙΙ,

176 3425 356 3482 ἐπιτελέουσιν
382 3430 433 3495 (cl.
455 3431 549 3481 Streb.
568 3430 643 3493 xt‘t,
660 3435 686 3481 2.
709 3448 736 3496 p.
786 3432 829 3481 Ἡ.
858 3431 928 3483 Nom
956 3440 981 3482 et
1008 3432 1064 3498 ipsc
1096 3433 1179 3481 l'orro
1211 3467 1235 3481 ..
1267 3449 1349 3482 unam

176 3502 236 3550 ³64.
255 3495 397 3557 ‘socienno
416 3504 443 3549 et
461 3504 477 3550 9
494 3517 500 3549 τ
519 3491 625 3565 Ἀνέβην
642 3494 671 3550 dt
689 3495 737 3548 nul
787 3499 863 3549 deum
889 3499 947 3549 uult
974 3515 1029 3549 esse
1057 3499 1232 3549 Tellurem.
1273 3500 1349 3550 lion·

176 3563 204 3625 tc
225 3559 274 3617 τὸν
291 3562 444 3632 Λίβανον
467 3560 496 3616 ἐκ
515 3561 639 3632 Βύβλον,
669 3560 737 3617 ὁδὸν
788 3566 855 3625 dem,
880 3567 975 3632 inquit,
996 3567 1086 3617 dicunt
1105 3567 1241 3617 iliotrem
1258 3583 1349 3634 mog·

186 3626 291 3698 ‘pipnc,
322 3626 400 3683 ποθό
422 3649 482 3691 avoc
499 3626 603 3684 αὐτόθι
619 3629 737 3716 oippuior
786 3650 873 3683 nom.-
889 3635 959 3699 qaod
976 3640 1130 3701 tympanum
1145 3634 1250 3698 habeut,
1262 3635 1350 3704 signi-

175 3649 421 3765 lphu'dqpodii
512 3715 608 3765 μενοι,
636 3717 668 3751 το
689 3703 738 3752 Ke-
780 3701 864 3767 ficari
884 3717 939 3751 esse
960 3702 1045 3751 orbem
1068 3709 1154 3753 terroe
1177 3709 1229 3752 cet.
1265 3701 1349 3752 haur.

176 3763 385 3847 qdpnceiopco,
403 3696 592 3819 uitgriilomd
611 3761 737 3835 iohanni
788 3766 858 3834 hyd.
883 3766 940 3826 ΙΙΙ,
965 3771 1007 3817 aa.
1032 3770 1074 3884 (p.
1093 3770 1150 3832 49.)
1179 3764 1292 3834 Λέγεται
1320 3765 1350 3821 δὲ

177 3837 354 3899 αρχαὶονην.
786 3831 834 3885 καλ
856 3830 984 3900 Κυβέλη
1007 3827 1046 3883 oisc
1087 3836 1136 3885 τοῦ
1154 3852 1188 3885 κν
1208 3837 1268 3887 ruod
1287 3831 1350 3903 σχή-

209 3899 412 3968 praeterquod]
436 3900 529 3952 lland.
548 3900 673 3953 Tursell.
692 3900 737 3964 w,
786 3917 874 3965 ματος
894 3895 963 3950 κατὰ
987 3901 1152 3965 γεωμετρίαν
1175 3920 1194 3967 η
1217 3903 1268 3968 Γῆ.
1305 3906 1350 3954 Gi.

176 3970 272 4033 peta.
289 3967 426 4017 neminem
444 3969 633 4035 antiquiorum
647 3968 737 4035 scrip·
785 3968 920 4018 Martiam.
939 3967 1003 4030 vlt,
1023 3970 1039 4029 §
1059 3972 1117 4019 ¹1⁴0.
1143 3971 1239 4036 ibique
1259 3971 1349 4037 llopp.

176 4041 267 4084 torum
287 4031 327 4082 ait
345 4032 387 4082 sic
402 4034 517 4098 dixisse,
534 4038 582 4089 scd
602 4037 737 4088 recentis·
788 4035 944 4102 Boettiger.
962 4034 1004 4085 ld.
1020 4034 1042 4097 l,
1059 4053 1086 4102 p.
1102 4041 1155 4087 216
1172 4055 1232 4104 sqq.

176 4099 265 4152 simae
279 4099 382 4151 aetatis
396 4100 534 4154 homines.
821 4103 939 4154 leonibus
962 4102 1076 4170 uehitur]
1104 4104 1147 4156 (ΙΙ.
1175 4105 1285 4156 burrei.
1311 4104 1347 4163 ll,

211 4171 236 4218 6.
272 4169 390 4235 Aprilem
409 4185 521 4221 mensem
545 4170 639 4221 Veneri
662 4170 737 4221 dica·
787 4172 839 4220 600
853 4187 927 4235 sqq:
943 4169 1019 4221 lianc
1033 4180 1132 4224 ueteres
1150 4174 1261 4224 Graium
1279 4171 1349 4221 docti

176 4235 281 4302 uerunt]
300 4236 344 4286 Ol.
363 4253 386 4286 c.
407 4239 444 4286 12.
464 4238 476 4302 §
495 4242 585 4304 Bsqq.
604 4237 736 4288 Crcueer.
787 4239 902 4289 cecinere
917 4246 1013 4304 poetae
1032 4241 1145 4291 Sedibus
1161 4243 1189 4291 in
1211 4255 1288 4288 curru
1307 4237 1347 4286 di·

177 4304 221 4361 lv,
240 4322 267 4370 p.
285 4308 344 4354 162.
787 4306 867 4373 iuges
883 4307 991 4372 agitare
1008 4306 1017 4355 l
1024 4323 1134 4358 eones:
1155 4306 1267 4358 Acrisio
1283 4319 1347 4367 spo-

211 4378 234 4421 1.
269 4374 339 4423 circo
367 4372 478 4424 Matrem
506 4371 589 4423 Deum
614 4379 640 4422 et
665 4372 736 4421 Atti·
786 4373 823 4424 tio
844 4390 972 4440 magnum
994 4375 1109 4439 pendere
1130 4374 1249 4423 docentes
1275 4371 1343 4420 Tel·

174 4438 548 4557 licituheroldus
554 4437 735 4556 ⁹itz⁸⁰¹¹''⁰³‘
785 4440 1153 4572 ltttt‘ttttttt'ttt
1167 4446 1240 4572 ‘tlt
1254 4438 1348 4572 titi?

268 4540 276 4555 ·
390 4540 398 4555 ·
459 4543 466 4569 s
499 4542 507 4568 s
549 4541 555 4555 ·
625 4540 633 4557 ·
887 4544 893 4556 ·
1153 4542 1162 4568 s
1335 4533 1348 4545 ⁸
