<?xml version="1.0" encoding="UTF-8"?>
<!DOCTYPE html PUBLIC "-//W3C//DTD XHTML 1.0 Transitional//EN"
    "http://www.w3.org/TR/xhtml1/DTD/xhtml1-transitional.dtd">
<html xmlns="http://www.w3.org/1999/xhtml" xml:lang="en" lang="en">
 <head>
  <title>
</title>
<meta http-equiv="Content-Type" content="text/html;charset=utf-8" />
  <meta name='ocr-system' content='tesseract 3.04.00' />
  <meta name='ocr-capabilities' content='ocr_page ocr_carea ocr_par ocr_line ocrx_word'/>
</head>
<body>
  <div class='ocr_page' id='page_1' title='image "./operaquaesupers01macrgoog/operaquaesupers01macrgoog_0566.png"; bbox 0 0 2812 5242; ppageno 0'>
   <div class='ocr_carea' id='block_1_1' title="bbox 259 507 1263 581">
    <p class='ocr_par' dir='ltr' id='par_1_1' title="bbox 259 507 1263 581">
     <span class='ocr_line' id='line_1_1' title="bbox 259 507 1263 581; baseline 0 -1"><span class='ocrx_word' id='word_1_1' title='bbox 259 510 619 581; x_wconf 75' lang='lat' dir='ltr'><strong>sawaNntluauaa</strong></span> <span class='ocrx_word' id='word_1_2' title='bbox 649 507 727 577; x_wconf 84' lang='lat' dir='ltr'><strong>LIB.</strong></span> <span class='ocrx_word' id='word_1_3' title='bbox 750 512 804 576; x_wconf 80' lang='lat' dir='ltr'><strong>vi.</strong></span> <span class='ocrx_word' id='word_1_4' title='bbox 834 510 925 577; x_wconf 81' lang='lat' dir='ltr'><strong>GAP.</strong></span> <span class='ocrx_word' id='word_1_5' title='bbox 952 510 1004 578; x_wconf 80' lang='lat' dir='ltr'><strong>vt</strong></span> <span class='ocrx_word' id='word_1_6' title='bbox 1030 513 1098 577; x_wconf 87' lang='lat' dir='ltr'><strong>Vll.</strong></span> <span class='ocrx_word' id='word_1_7' title='bbox 1200 514 1263 580; x_wconf 77' lang='lat'><strong>537</strong></span> 
     </span>
    </p>
   </div>
   <div class='ocr_carea' id='block_1_2' title="bbox 93 678 1317 2633">
    <p class='ocr_par' dir='ltr' id='par_1_2' title="bbox 93 678 1316 1022">
     <span class='ocr_line' id='line_1_2' title="bbox 94 678 1264 768; baseline -0.003 -18"><span class='ocrx_word' id='word_1_8' title='bbox 94 684 221 750; x_wconf 76' lang='lat' dir='ltr'><strong>adderet</strong></span> <span class='ocrx_word' id='word_1_9' title='bbox 256 702 318 768; x_wconf 89' lang='lat' dir='ltr'><strong>quo</strong></span> <span class='ocrx_word' id='word_1_10' title='bbox 342 701 382 745; x_wconf 93' lang='lat' dir='ltr'><strong>ue</strong></span> <span class='ocrx_word' id='word_1_11' title='bbox 414 701 515 745; x_wconf 87' lang='lat' dir='ltr'><strong>mores</strong></span> <span class='ocrx_word' id='word_1_12' title='bbox 549 688 580 744; x_wconf 90' lang='lat' dir='ltr'><strong>ct</strong></span> <span class='ocrx_word' id='word_1_13' title='bbox 610 678 711 745; x_wconf 90' lang='lat' dir='ltr'><strong>studia</strong></span> <span class='ocrx_word' id='word_1_14' title='bbox 739 686 772 744; x_wconf 90' lang='lat' dir='ltr'><strong>et</strong></span> <span class='ocrx_word' id='word_1_15' title='bbox 802 680 933 766; x_wconf 84' lang='lat' dir='ltr'><strong>populos</strong></span> <span class='ocrx_word' id='word_1_16' title='bbox 967 688 999 745; x_wconf 89' lang='lat' dir='ltr'><strong>et</strong></span> <span class='ocrx_word' id='word_1_17' title='bbox 1029 680 1157 765; x_wconf 85' lang='lat' dir='ltr'><strong>praetia,</strong></span> <span class='ocrx_word' id='word_1_18' title='bbox 1189 681 1264 766; x_wconf 92' lang='lat' dir='ltr'><strong>quid</strong></span> 
     </span>
     <span class='ocr_line' id='line_1_3' title="bbox 93 701 1316 855; baseline 0.002 -21"><span class='ocrx_word' id='word_1_19' title='bbox 93 770 190 855; x_wconf 86' lang='lat' dir='ltr'><strong>ptura,</strong></span> <span class='ocrx_word' id='word_1_20' title='bbox 211 777 296 833; x_wconf 90' lang='lat' dir='ltr'><strong>utet</strong></span> <span class='ocrx_word' id='word_1_21' title='bbox 319 701 454 844; x_wconf 53' lang='lat' dir='ltr'><strong>buinio</strong></span> <span class='ocrx_word' id='word_1_22' title='bbox 473 772 603 830; x_wconf 85' lang='lat' dir='ltr'><strong>vocaret.</strong></span> <span class='ocrx_word' id='word_1_23' title='bbox 646 764 722 829; x_wconf 85' lang='lat' dir='ltr'><strong>Dies</strong></span> <span class='ocrx_word' id='word_1_24' title='bbox 742 784 791 829; x_wconf 91' lang='lat' dir='ltr'><strong>me</strong></span> <span class='ocrx_word' id='word_1_25' title='bbox 808 764 937 843; x_wconf 75' lang='lat' dir='ltr'><strong>deliciet,</strong></span> <span class='ocrx_word' id='word_1_26' title='bbox 956 765 982 829; x_wconf 89' lang='lat' dir='ltr'><strong>si</strong></span> <span class='ocrx_word' id='word_1_27' title='bbox 999 766 1104 832; x_wconf 89' lang='lat' dir='ltr'><strong>omnia</strong></span> <span class='ocrx_word' id='word_1_28' title='bbox 1121 767 1316 853; x_wconf 67' lang='lat' dir='ltr'><strong>persequiit)</strong></span> 
     </span>
     <span class='ocr_line' id='line_1_4' title="bbox 94 847 1265 938; baseline -0.001 -20"><span class='ocrx_word' id='word_1_29' title='bbox 94 875 112 918; x_wconf 91' lang='lat' dir='ltr'><strong>a</strong></span> <span class='ocrx_word' id='word_1_30' title='bbox 135 853 261 938; x_wconf 82' lang='lat' dir='ltr'><strong>Virgilio</strong></span> <span class='ocrx_word' id='word_1_31' title='bbox 293 852 422 936; x_wconf 79' lang='lat' dir='ltr'><strong>figurata</strong></span> <span class='ocrx_word' id='word_1_32' title='bbox 451 850 556 914; x_wconf 83' lang='lat' dir='ltr'><strong>veiim:</strong></span> <span class='ocrx_word' id='word_1_33' title='bbox 598 849 651 915; x_wconf 90' lang='lat' dir='ltr'><strong>sed</strong></span> <span class='ocrx_word' id='word_1_34' title='bbox 673 870 711 915; x_wconf 82' lang='lat' dir='ltr'><strong>ex</strong></span> <span class='ocrx_word' id='word_1_35' title='bbox 736 847 784 914; x_wconf 92' lang='lat' dir='ltr'><strong>bis</strong></span> <span class='ocrx_word' id='word_1_36' title='bbox 805 870 885 935; x_wconf 89' lang='lat' dir='ltr'><strong>quae</strong></span> <span class='ocrx_word' id='word_1_37' title='bbox 907 851 988 917; x_wconf 88' lang='lat' dir='ltr'><strong>dieta</strong></span> <span class='ocrx_word' id='word_1_38' title='bbox 1009 859 1083 917; x_wconf 87' lang='lat' dir='ltr'><strong>suut</strong></span> <span class='ocrx_word' id='word_1_39' title='bbox 1103 851 1207 919; x_wconf 90' lang='lat' dir='ltr'><strong>omnia</strong></span> <span class='ocrx_word' id='word_1_40' title='bbox 1226 853 1265 917; x_wconf 90' lang='lat' dir='ltr'><strong>si·</strong></span> 
     </span>
     <span class='ocr_line' id='line_1_5' title="bbox 95 934 635 1022; baseline -0.011 -19"><span class='ocrx_word' id='word_1_41' title='bbox 95 939 177 1004; x_wconf 88' lang='lat' dir='ltr'><strong>mitia</strong></span> <span class='ocrx_word' id='word_1_42' title='bbox 200 938 327 1022; x_wconf 81' lang='lat' dir='ltr'><strong>diligens</strong></span> <span class='ocrx_word' id='word_1_43' title='bbox 351 936 446 1000; x_wconf 83' lang='lat' dir='ltr'><strong>lector</strong></span> <span class='ocrx_word' id='word_1_44' title='bbox 467 934 635 999; x_wconf 81' lang='lat' dir='ltr'><strong>annotabit.</strong></span> 
     </span>
    </p>

    <p class='ocr_par' dir='ltr' id='par_1_3' title="bbox 94 1018 1295 1361">
     <span class='ocr_line' id='line_1_6' title="bbox 181 1018 1291 1097; baseline 0.004 -9"><span class='ocrx_word' id='word_1_45' title='bbox 181 1026 249 1088; x_wconf 87' lang='lat' dir='ltr'><strong>VH.</strong></span> <span class='ocrx_word' id='word_1_46' title='bbox 292 1021 370 1087; x_wconf 84' lang='lat' dir='ltr'><strong>Cum</strong></span> <span class='ocrx_word' id='word_1_47' title='bbox 391 1019 513 1085; x_wconf 84' lang='lat' dir='ltr'><strong>Servius</strong></span> <span class='ocrx_word' id='word_1_48' title='bbox 530 1020 588 1083; x_wconf 88' lang='lat' dir='ltr'><strong>ista</strong></span> <span class='ocrx_word' id='word_1_49' title='bbox 605 1019 778 1097; x_wconf 69' lang='lat' dir='ltr'>dissereret,</span> <span class='ocrx_word' id='word_1_50' title='bbox 793 1018 1008 1087; x_wconf 75' lang='lat' dir='ltr'><strong>Praetextatus</strong></span> <span class='ocrx_word' id='word_1_51' title='bbox 1024 1020 1177 1089; x_wconf 78' lang='lat' dir='ltr'><strong>Asianum</strong></span> <span class='ocrx_word' id='word_1_52' title='bbox 1199 1022 1291 1092; x_wconf 89' lang='lat' dir='ltr'><strong>Eu·l</strong></span> 
     </span>
     <span class='ocr_line' id='line_1_7' title="bbox 95 1104 1266 1191; baseline 0.002 -20"><span class='ocrx_word' id='word_1_53' title='bbox 95 1107 209 1172; x_wconf 88' lang='lat' dir='ltr'><strong>statbio</strong></span> <span class='ocrx_word' id='word_1_54' title='bbox 227 1108 467 1172; x_wconf 81' lang='lat' dir='ltr'><strong>insusurrantem</strong></span> <span class='ocrx_word' id='word_1_55' title='bbox 489 1104 610 1169; x_wconf 83' lang='lat' dir='ltr'><strong>videus:</strong></span> <span class='ocrx_word' id='word_1_56' title='bbox 645 1104 730 1183; x_wconf 87' lang='lat' dir='ltr'><strong>Quin</strong></span> <span class='ocrx_word' id='word_1_57' title='bbox 754 1125 824 1189; x_wconf 85' lang='lat' dir='ltr'><strong>age,</strong></span> <span class='ocrx_word' id='word_1_58' title='bbox 854 1104 967 1191; x_wconf 87' lang='lat' dir='ltr'><strong>inquit,</strong></span> <span class='ocrx_word' id='word_1_59' title='bbox 995 1104 1152 1184; x_wconf 82' lang='lat' dir='ltr'><strong>Euatatbi,</strong></span> <span class='ocrx_word' id='word_1_60' title='bbox 1179 1128 1266 1173; x_wconf 84' lang='lat' dir='ltr'><strong>rere·</strong></span> 
     </span>
     <span class='ocr_line' id='line_1_8' title="bbox 94 1188 1266 1276; baseline 0.001 -20"><span class='ocrx_word' id='word_1_61' title='bbox 94 1192 236 1257; x_wconf 80' lang='lat' dir='ltr'><strong>cundiam</strong></span> <span class='ocrx_word' id='word_1_62' title='bbox 264 1192 372 1257; x_wconf 80' lang='lat' dir='ltr'><strong>Avieni</strong></span> <span class='ocrx_word' id='word_1_63' title='bbox 400 1189 487 1275; x_wconf 86' lang='lat' dir='ltr'><strong>probi</strong></span> <span class='ocrx_word' id='word_1_64' title='bbox 511 1189 712 1254; x_wconf 83' lang='lat' dir='ltr'><strong>adolescentis</strong></span> <span class='ocrx_word' id='word_1_65' title='bbox 740 1190 826 1267; x_wconf 82' lang='lat' dir='ltr'><strong>iuva,</strong></span> <span class='ocrx_word' id='word_1_66' title='bbox 858 1198 889 1254; x_wconf 89' lang='lat' dir='ltr'><strong>et</strong></span> <span class='ocrx_word' id='word_1_67' title='bbox 912 1188 976 1274; x_wconf 88' lang='lat' dir='ltr'><strong>ipse</strong></span> <span class='ocrx_word' id='word_1_68' title='bbox 999 1190 1155 1276; x_wconf 83' lang='lat' dir='ltr'><strong>publicato</strong></span> <span class='ocrx_word' id='word_1_69' title='bbox 1176 1193 1266 1257; x_wconf 85' lang='lat' dir='ltr'><strong>nobis</strong></span> 
     </span>
     <span class='ocr_line' id='line_1_9' title="bbox 95 1274 1295 1361; baseline 0.005 -20"><span class='ocrx_word' id='word_1_70' title='bbox 95 1277 179 1361; x_wconf 90' lang='lat' dir='ltr'><strong>quod</strong></span> <span class='ocrx_word' id='word_1_71' title='bbox 202 1279 415 1341; x_wconf 83' lang='lat' dir='ltr'><strong>inmurmurat.</strong></span> <span class='ocrx_word' id='word_1_72' title='bbox 459 1274 656 1339; x_wconf 87' lang='lat' dir='ltr'><strong>Eustetbius:</strong></span> <span class='ocrx_word' id='word_1_73' title='bbox 674 1274 870 1351; x_wconf 88' lang='lat' dir='ltr'><strong>iamdudum,</strong></span> <span class='ocrx_word' id='word_1_74' title='bbox 890 1274 1005 1359; x_wconf 89' lang='lat' dir='ltr'><strong>inquit,</strong></span> <span class='ocrx_word' id='word_1_75' title='bbox 1026 1276 1122 1341; x_wconf 90' lang='lat' dir='ltr'><strong>muita</strong></span> <span class='ocrx_word' id='word_1_76' title='bbox 1139 1277 1177 1342; x_wconf 92' lang='lat' dir='ltr'><strong>de</strong></span> <span class='ocrx_word' id='word_1_77' title='bbox 1194 1279 1295 1347; x_wconf 75' lang='lat' dir='ltr'><strong>vir-t</strong></span> 
     </span>
    </p>

    <p class='ocr_par' dir='ltr' id='par_1_4' title="bbox 93 1360 1317 2297">
     <span class='ocr_line' id='line_1_10' title="bbox 116 1360 1264 1448; baseline 0.001 -22"><span class='ocrx_word' id='word_1_78' title='bbox 116 1363 167 1427; x_wconf 91' lang='lat' dir='ltr'><strong>ilio</strong></span> <span class='ocrx_word' id='word_1_79' title='bbox 198 1363 338 1428; x_wconf 81' lang='lat' dir='ltr'><strong>Servium</strong></span> <span class='ocrx_word' id='word_1_80' title='bbox 368 1360 459 1443; x_wconf 86' lang='lat' dir='ltr'><strong>gestit</strong></span> <span class='ocrx_word' id='word_1_81' title='bbox 487 1360 688 1443; x_wconf 80' lang='lat' dir='ltr'><strong>interrogare,</strong></span> <span class='ocrx_word' id='word_1_82' title='bbox 724 1380 857 1443; x_wconf 88' lang='lat' dir='ltr'><strong>quorum</strong></span> <span class='ocrx_word' id='word_1_83' title='bbox 887 1360 1039 1426; x_wconf 88' lang='lat' dir='ltr'><strong>enarratio</strong></span> <span class='ocrx_word' id='word_1_84' title='bbox 1068 1362 1192 1448; x_wconf 83' lang='lat' dir='ltr'><strong>respicit</strong></span> <span class='ocrx_word' id='word_1_85' title='bbox 1220 1362 1264 1428; x_wconf 89' lang='lat' dir='ltr'><strong>oi-</strong></span> 
     </span>
     <span class='ocr_line' id='line_1_11' title="bbox 94 1384 1265 1530; baseline 0.003 -20"><span class='ocrx_word' id='word_1_86' title='bbox 94 1384 197 1512; x_wconf 72' lang='lat' dir='ltr'><strong>iscium</strong></span> <span class='ocrx_word' id='word_1_87' title='bbox 222 1446 413 1523; x_wconf 87' lang='lat' dir='ltr'><strong>litteratoris,</strong></span> <span class='ocrx_word' id='word_1_88' title='bbox 442 1453 472 1509; x_wconf 82' lang='lat' dir='ltr'><strong>ct</strong></span> <span class='ocrx_word' id='word_1_89' title='bbox 498 1454 619 1530; x_wconf 90' lang='lat' dir='ltr'><strong>tempus</strong></span> <span class='ocrx_word' id='word_1_90' title='bbox 646 1443 796 1528; x_wconf 83' lang='lat' dir='ltr'><strong>indulgeri</strong></span> <span class='ocrx_word' id='word_1_91' title='bbox 818 1451 905 1529; x_wconf 88' lang='lat' dir='ltr'><strong>optat</strong></span> <span class='ocrx_word' id='word_1_92' title='bbox 927 1465 991 1529; x_wconf 91' lang='lat' dir='ltr'><strong>quo</strong></span> <span class='ocrx_word' id='word_1_93' title='bbox 1013 1446 1051 1512; x_wconf 91' lang='lat' dir='ltr'><strong>de</strong></span> <span class='ocrx_word' id='word_1_94' title='bbox 1073 1448 1211 1512; x_wconf 86' lang='lat' dir='ltr'><strong>obscuris</strong></span> <span class='ocrx_word' id='word_1_95' title='bbox 1229 1469 1265 1514; x_wconf 90' lang='lat' dir='ltr'><strong>uc</strong></span> 
     </span>
     <span class='ocr_line' id='line_1_12' title="bbox 95 1528 1294 1612; baseline 0.004 -17"><span class='ocrx_word' id='word_1_96' title='bbox 95 1532 196 1596; x_wconf 89' lang='lat' dir='ltr'><strong>dubiis</strong></span> <span class='ocrx_word' id='word_1_97' title='bbox 223 1533 279 1596; x_wconf 91' lang='lat' dir='ltr'><strong>sibi</strong></span> <span class='ocrx_word' id='word_1_98' title='bbox 304 1553 322 1596; x_wconf 90' lang='lat' dir='ltr'><strong>a</strong></span> <span class='ocrx_word' id='word_1_99' title='bbox 345 1530 481 1595; x_wconf 91' lang='lat' dir='ltr'><strong>doctiore</strong></span> <span class='ocrx_word' id='word_1_100' title='bbox 503 1530 557 1593; x_wconf 90' lang='lat' dir='ltr'><strong>iiat</strong></span> <span class='ocrx_word' id='word_1_101' title='bbox 578 1528 699 1594; x_wconf 86' lang='lat' dir='ltr'><strong>certior.</strong></span> <span class='ocrx_word' id='word_1_102' title='bbox 742 1529 784 1593; x_wconf 86' lang='lat' dir='ltr'><strong>Et</strong></span> <span class='ocrx_word' id='word_1_103' title='bbox 809 1529 1037 1596; x_wconf 85' lang='lat' dir='ltr'><strong>Praetextatus:</strong></span> <span class='ocrx_word' id='word_1_104' title='bbox 1067 1532 1189 1612; x_wconf 86' lang='lat' dir='ltr'><strong>Probo,</strong></span> <span class='ocrx_word' id='word_1_105' title='bbox 1218 1533 1294 1602; x_wconf 75' lang='lat' dir='ltr'><strong>in-:t</strong></span> 
     </span>
     <span class='ocr_line' id='line_1_13' title="bbox 97 1614 1265 1701; baseline 0.003 -21"><span class='ocrx_word' id='word_1_106' title='bbox 97 1618 180 1701; x_wconf 89' lang='lat' dir='ltr'><strong>quit,</strong></span> <span class='ocrx_word' id='word_1_107' title='bbox 212 1618 252 1680; x_wconf 91' lang='lat' dir='ltr'><strong>mi</strong></span> <span class='ocrx_word' id='word_1_108' title='bbox 274 1617 404 1692; x_wconf 80' lang='lat' dir='ltr'><strong>Arione,</strong></span> <span class='ocrx_word' id='word_1_109' title='bbox 438 1615 522 1699; x_wconf 92' lang='lat' dir='ltr'><strong>quod</strong></span> <span class='ocrx_word' id='word_1_110' title='bbox 550 1635 585 1678; x_wconf 88' lang='lat' dir='ltr'><strong>ea</strong></span> <span class='ocrx_word' id='word_1_111' title='bbox 606 1614 655 1681; x_wconf 88' lang='lat' dir='ltr'><strong>dc.</strong></span> <span class='ocrx_word' id='word_1_112' title='bbox 690 1614 781 1679; x_wconf 89' lang='lat' dir='ltr'><strong>uibus</strong></span> <span class='ocrx_word' id='word_1_113' title='bbox 804 1614 932 1700; x_wconf 78' lang='lat' dir='ltr'><strong>ambigis</strong></span> <span class='ocrx_word' id='word_1_114' title='bbox 954 1616 1030 1680; x_wconf 88' lang='lat' dir='ltr'><strong>cium</strong></span> <span class='ocrx_word' id='word_1_115' title='bbox 1058 1625 1090 1681; x_wconf 90' lang='lat' dir='ltr'><strong>te</strong></span> <span class='ocrx_word' id='word_1_116' title='bbox 1115 1638 1265 1684; x_wconf 86' lang='lat' dir='ltr'><strong>essenon</strong></span> 
     </span>
     <span class='ocr_line' id='line_1_14' title="bbox 96 1634 1265 1786; baseline 0.003 -21"><span class='ocrx_word' id='word_1_117' title='bbox 96 1701 217 1786; x_wconf 89' lang='lat' dir='ltr'><strong>pateris.</strong></span> <span class='ocrx_word' id='word_1_118' title='bbox 262 1701 350 1766; x_wconf 90' lang='lat' dir='ltr'><strong>Unde</strong></span> <span class='ocrx_word' id='word_1_119' title='bbox 367 1707 509 1764; x_wconf 80' lang='lat' dir='ltr'><strong>exoratus</strong></span> <span class='ocrx_word' id='word_1_120' title='bbox 532 1700 571 1763; x_wconf 92' lang='lat' dir='ltr'><strong>sit</strong></span> <span class='ocrx_word' id='word_1_121' title='bbox 596 1719 614 1763; x_wconf 91' lang='lat' dir='ltr'><strong>a</strong></span> <span class='ocrx_word' id='word_1_122' title='bbox 636 1634 724 1763; x_wconf 79' lang='lat' dir='ltr'><strong>nobis</strong></span> <span class='ocrx_word' id='word_1_123' title='bbox 745 1698 940 1764; x_wconf 87' lang='lat' dir='ltr'><strong>doctissimus</strong></span> <span class='ocrx_word' id='word_1_124' title='bbox 962 1700 1084 1777; x_wconf 88' lang='lat' dir='ltr'><strong>doctor,</strong></span> <span class='ocrx_word' id='word_1_125' title='bbox 1114 1711 1150 1767; x_wconf 92' lang='lat' dir='ltr'><strong>ut</strong></span> <span class='ocrx_word' id='word_1_126' title='bbox 1167 1710 1199 1768; x_wconf 91' lang='lat' dir='ltr'><strong>te</strong></span> <span class='ocrx_word' id='word_1_127' title='bbox 1218 1723 1265 1769; x_wconf 91' lang='lat' dir='ltr'><strong>se·</strong></span> 
     </span>
     <span class='ocr_line' id='line_1_15' title="bbox 96 1783 1267 1872; baseline 0.003 -23"><span class='ocrx_word' id='word_1_128' title='bbox 96 1808 165 1851; x_wconf 92' lang='lat' dir='ltr'><strong>cum</strong></span> <span class='ocrx_word' id='word_1_129' title='bbox 189 1786 345 1871; x_wconf 79' lang='lat' dir='ltr'><strong>negotium</strong></span> <span class='ocrx_word' id='word_1_130' title='bbox 368 1783 479 1849; x_wconf 89' lang='lat' dir='ltr'><strong>babere</strong></span> <span class='ocrx_word' id='word_1_131' title='bbox 500 1784 646 1869; x_wconf 86' lang='lat' dir='ltr'><strong>patiatur,</strong></span> <span class='ocrx_word' id='word_1_132' title='bbox 673 1783 746 1868; x_wconf 87' lang='lat' dir='ltr'><strong>quio</strong></span> <span class='ocrx_word' id='word_1_133' title='bbox 768 1783 799 1849; x_wconf 94' lang='lat' dir='ltr'><strong>in</strong></span> <span class='ocrx_word' id='word_1_134' title='bbox 820 1804 984 1850; x_wconf 91' lang='lat' dir='ltr'><strong>commune</strong></span> <span class='ocrx_word' id='word_1_135' title='bbox 1027 1786 1167 1852; x_wconf 88' lang='lat' dir='ltr'><strong>reficient</strong></span> <span class='ocrx_word' id='word_1_136' title='bbox 1187 1808 1267 1872; x_wconf 90' lang='lat' dir='ltr'><strong>quae</strong></span> 
     </span>
     <span class='ocr_line' id='line_1_16' title="bbox 96 1869 1267 1954; baseline 0.003 -19"><span class='ocrx_word' id='word_1_137' title='bbox 96 1870 250 1935; x_wconf 89' lang='lat' dir='ltr'><strong>desideras</strong></span> <span class='ocrx_word' id='word_1_138' title='bbox 269 1871 390 1947; x_wconf 90' lang='lat' dir='ltr'><strong>audire,</strong></span> <span class='ocrx_word' id='word_1_139' title='bbox 421 1889 459 1934; x_wconf 93' lang='lat' dir='ltr'><strong>ne</strong></span> <span class='ocrx_word' id='word_1_140' title='bbox 479 1879 514 1935; x_wconf 90' lang='lat' dir='ltr'><strong>tu</strong></span> <span class='ocrx_word' id='word_1_141' title='bbox 532 1870 625 1934; x_wconf 92' lang='lat' dir='ltr'><strong>modo</strong></span> <span class='ocrx_word' id='word_1_142' title='bbox 645 1869 725 1933; x_wconf 89' lang='lat' dir='ltr'><strong>uttra</strong></span> <span class='ocrx_word' id='word_1_143' title='bbox 746 1889 846 1933; x_wconf 90' lang='lat' dir='ltr'><strong>cesses</strong></span> <span class='ocrx_word' id='word_1_144' title='bbox 867 1870 988 1954; x_wconf 89' lang='lat' dir='ltr'><strong>aperire</strong></span> <span class='ocrx_word' id='word_1_145' title='bbox 1044 1872 1110 1937; x_wconf 79' lang='lat' dir='ltr'><strong>rvio</strong></span> <span class='ocrx_word' id='word_1_146' title='bbox 1131 1872 1208 1937; x_wconf 83' lang='lat' dir='ltr'><strong>viam</strong></span> <span class='ocrx_word' id='word_1_147' title='bbox 1228 1873 1267 1938; x_wconf 92' lang='lat' dir='ltr'><strong>de</strong></span> 
     </span>
     <span class='ocr_line' id='line_1_17' title="bbox 94 1954 1295 2041; baseline 0.004 -21"><span class='ocrx_word' id='word_1_148' title='bbox 94 1956 221 2041; x_wconf 83' lang='lat' dir='ltr'><strong>Virgilio</strong></span> <span class='ocrx_word' id='word_1_149' title='bbox 248 1954 426 2020; x_wconf 88' lang='lat' dir='ltr'><strong>disserendi.</strong></span> <span class='ocrx_word' id='word_1_150' title='bbox 469 1955 556 2019; x_wconf 84' lang='lat' dir='ltr'><strong>Tunc</strong></span> <span class='ocrx_word' id='word_1_151' title='bbox 577 1954 728 2031; x_wconf 80' lang='lat' dir='ltr'><strong>Avienus,</strong></span> <span class='ocrx_word' id='word_1_152' title='bbox 759 1962 844 2020; x_wconf 91' lang='lat' dir='ltr'><strong>totus</strong></span> <span class='ocrx_word' id='word_1_153' title='bbox 870 1976 1036 2020; x_wconf 85' lang='lat' dir='ltr'><strong>conversus</strong></span> <span class='ocrx_word' id='word_1_154' title='bbox 1057 1956 1089 2020; x_wconf 89' lang='lat' dir='ltr'><strong>in</strong></span> <span class='ocrx_word' id='word_1_155' title='bbox 1110 1956 1295 2025; x_wconf 79' lang='lat' dir='ltr'><strong>Serriumti</strong></span> 
     </span>
     <span class='ocr_line' id='line_1_18' title="bbox 93 2038 1317 2188; baseline 0.004 -83"><span class='ocrx_word' id='word_1_156' title='bbox 93 2041 186 2105; x_wconf 86' lang='lat' dir='ltr'><strong>Dicas</strong></span> <span class='ocrx_word' id='word_1_157' title='bbox 208 2041 294 2118; x_wconf 82' lang='lat' dir='ltr'><strong>voto,</strong></span> <span class='ocrx_word' id='word_1_158' title='bbox 319 2039 434 2124; x_wconf 90' lang='lat' dir='ltr'><strong>inquit,</strong></span> <span class='ocrx_word' id='word_1_159' title='bbox 461 2038 624 2105; x_wconf 88' lang='lat' dir='ltr'><strong>doctorum</strong></span> <span class='ocrx_word' id='word_1_160' title='bbox 646 2038 791 2116; x_wconf 82' lang='lat' dir='ltr'><strong>maxime,</strong></span> <span class='ocrx_word' id='word_1_161' title='bbox 812 2039 886 2188; x_wconf 61' lang='lat' dir='ltr'><strong>inid</strong></span> <span class='ocrx_word' id='word_1_162' title='bbox 905 2039 944 2104; x_wconf 88' lang='lat' dir='ltr'><strong>sit</strong></span> <span class='ocrx_word' id='word_1_163' title='bbox 962 2040 1062 2125; x_wconf 90' lang='lat' dir='ltr'><strong>quod,</strong></span> <span class='ocrx_word' id='word_1_164' title='bbox 1083 2060 1152 2106; x_wconf 92' lang='lat' dir='ltr'><strong>cum</strong></span> <span class='ocrx_word' id='word_1_165' title='bbox 1177 2043 1317 2131; x_wconf 74' lang='lat' dir='ltr'><strong>Vir-[rao]</strong></span> 
     </span>
     <span class='ocr_line' id='line_1_19' title="bbox 95 2123 1264 2211; baseline 0.003 -22"><span class='ocrx_word' id='word_1_166' title='bbox 95 2126 183 2211; x_wconf 82' lang='lat' dir='ltr'><strong>gilius</strong></span> <span class='ocrx_word' id='word_1_167' title='bbox 205 2126 293 2190; x_wconf 84' lang='lat' dir='ltr'><strong>anxio</strong></span> <span class='ocrx_word' id='word_1_168' title='bbox 314 2145 434 2211; x_wconf 90' lang='lat' dir='ltr'><strong>semper</strong></span> <span class='ocrx_word' id='word_1_169' title='bbox 455 2124 581 2209; x_wconf 83' lang='lat' dir='ltr'><strong>diiigens</strong></span> <span class='ocrx_word' id='word_1_170' title='bbox 601 2123 743 2189; x_wconf 81' lang='lat' dir='ltr'><strong>fueritin</strong></span> <span class='ocrx_word' id='word_1_171' title='bbox 763 2144 816 2189; x_wconf 80' lang='lat' dir='ltr'><strong>ver</strong></span> <span class='ocrx_word' id='word_1_172' title='bbox 838 2123 863 2188; x_wconf 91' lang='lat' dir='ltr'><strong>is</strong></span> <span class='ocrx_word' id='word_1_173' title='bbox 885 2145 941 2210; x_wconf 91' lang='lat' dir='ltr'><strong>pro</strong></span> <span class='ocrx_word' id='word_1_174' title='bbox 961 2144 1071 2189; x_wconf 86' lang='lat' dir='ltr'><strong>causae</strong></span> <span class='ocrx_word' id='word_1_175' title='bbox 1088 2126 1198 2192; x_wconf 90' lang='lat' dir='ltr'><strong>merito</strong></span> <span class='ocrx_word' id='word_1_176' title='bbox 1216 2128 1264 2193; x_wconf 82' lang='lat' dir='ltr'><strong>vet</strong></span> 
     </span>
     <span class='ocr_line' id='line_1_20' title="bbox 95 2208 1263 2297; baseline 0.003 -21"><span class='ocrx_word' id='word_1_177' title='bbox 95 2210 254 2277; x_wconf 88' lang='lat' dir='ltr'><strong>atrocitate</strong></span> <span class='ocrx_word' id='word_1_178' title='bbox 279 2210 444 2297; x_wconf 89' lang='lat' dir='ltr'><strong>ponendis,</strong></span> <span class='ocrx_word' id='word_1_179' title='bbox 479 2210 631 2276; x_wconf 91' lang='lat' dir='ltr'><strong>incuriose</strong></span> <span class='ocrx_word' id='word_1_180' title='bbox 657 2216 689 2274; x_wconf 89' lang='lat' dir='ltr'><strong>et</strong></span> <span class='ocrx_word' id='word_1_181' title='bbox 711 2208 830 2274; x_wconf 88' lang='lat' dir='ltr'><strong>abiecte</strong></span> <span class='ocrx_word' id='word_1_182' title='bbox 854 2209 885 2273; x_wconf 95' lang='lat' dir='ltr'><strong>in</strong></span> <span class='ocrx_word' id='word_1_183' title='bbox 909 2208 956 2273; x_wconf 89' lang='lat' dir='ltr'><strong>bis</strong></span> <span class='ocrx_word' id='word_1_184' title='bbox 977 2210 1114 2275; x_wconf 82' lang='lat' dir='ltr'><strong>versibus</strong></span> <span class='ocrx_word' id='word_1_185' title='bbox 1135 2212 1263 2280; x_wconf 80' lang='lat' dir='ltr'><strong>uerbum</strong></span> 
     </span>
    </p>

    <p class='ocr_par' dir='ltr' id='par_1_5' title="bbox 97 2297 1263 2633">
     <span class='ocr_line' id='line_1_21' title="bbox 139 2297 218 2362; baseline -0.025 0"><span class='ocrx_word' id='word_1_186' title='bbox 139 2297 218 2362; x_wconf 91' lang='lat' dir='ltr'><strong>suit:</strong></span> 
     </span>
     <span class='ocr_line' id='line_1_22' title="bbox 97 2318 1089 2464; baseline 0 -19"><span class='ocrx_word' id='word_1_187' title='bbox 97 2318 137 2382; x_wconf 67' lang='lat' dir='ltr'><strong>po</strong></span> <span class='ocrx_word' id='word_1_188' title='bbox 251 2379 388 2445; x_wconf 81' lang='lat' dir='ltr'><strong>Candido</strong></span> <span class='ocrx_word' id='word_1_189' title='bbox 405 2382 582 2444; x_wconf 77' lang='lat' dir='ltr'><strong>cucca&#39;nctum</strong></span> <span class='ocrx_word' id='word_1_190' title='bbox 603 2380 783 2446; x_wconf 72' lang='lat' dir='ltr'><strong>tetrantibus</strong></span> <span class='ocrx_word' id='word_1_191' title='bbox 802 2379 931 2464; x_wconf 72' lang='lat' dir='ltr'><strong>coquina</strong></span> <span class='ocrx_word' id='word_1_192' title='bbox 947 2381 1089 2445; x_wconf 79' lang='lat' dir='ltr'><strong>monstris</strong></span> 
     </span>
     <span class='ocr_line' id='line_1_23' title="bbox 248 2465 656 2530; baseline 0 -2"><span class='ocrx_word' id='word_1_193' title='bbox 248 2465 403 2529; x_wconf 74' lang='lat' dir='ltr'><strong>Declicbius</strong></span> <span class='ocrx_word' id='word_1_194' title='bbox 425 2486 548 2529; x_wconf 73' lang='lat' dir='ltr'><strong>vexasse</strong></span> <span class='ocrx_word' id='word_1_195' title='bbox 569 2476 656 2530; x_wconf 81' lang='lat' dir='ltr'><strong>ruics.</strong></span> 
     </span>
     <span class='ocr_line' id='line_1_24' title="bbox 104 2545 1263 2633; baseline 0.003 -20"><span class='ocrx_word' id='word_1_196' title='bbox 104 2549 227 2613; x_wconf 82' lang='lat' dir='ltr'><strong>chccse</strong></span> <span class='ocrx_word' id='word_1_197' title='bbox 259 2548 339 2613; x_wconf 90' lang='lat' dir='ltr'><strong>enim</strong></span> <span class='ocrx_word' id='word_1_198' title='bbox 372 2549 497 2615; x_wconf 85' lang='lat' dir='ltr'><strong>verbum</strong></span> <span class='ocrx_word' id='word_1_199' title='bbox 525 2556 573 2614; x_wconf 90' lang='lat' dir='ltr'><strong>est</strong></span> <span class='ocrx_word' id='word_1_200' title='bbox 598 2549 673 2615; x_wconf 82' lang='lat' dir='ltr'><strong>ieris</strong></span> <span class='ocrx_word' id='word_1_201' title='bbox 700 2570 735 2614; x_wconf 90' lang='lat' dir='ltr'><strong>ac</strong></span> <span class='ocrx_word' id='word_1_202' title='bbox 762 2547 845 2633; x_wconf 81' lang='lat' dir='ltr'><strong>parvi</strong></span> <span class='ocrx_word' id='word_1_203' title='bbox 874 2545 1078 2627; x_wconf 87' lang='lat' dir='ltr'><strong>incommodi,</strong></span> <span class='ocrx_word' id='word_1_204' title='bbox 1113 2569 1170 2614; x_wconf 90' lang='lat' dir='ltr'><strong>uec</strong></span> <span class='ocrx_word' id='word_1_205' title='bbox 1200 2558 1263 2616; x_wconf 88' lang='lat' dir='ltr'><strong>tam</strong></span> 
     </span>
    </p>
   </div>
   <div class='ocr_carea' id='block_1_3' title="bbox 897 2717 1199 2787">
    <p class='ocr_par' dir='ltr' id='par_1_6' title="bbox 897 2717 1199 2787">
     <span class='ocr_line' id='line_1_25' title="bbox 897 2717 1199 2787; baseline 0.003 -18"><span class='ocrx_word' id='word_1_206' title='bbox 897 2718 967 2770; x_wconf 77' lang='lat' dir='ltr'><strong>ude.</strong></span> <span class='ocrx_word' id='word_1_207' title='bbox 985 2717 1199 2787; x_wconf 66' lang='lat' dir='ltr'><strong>itaeomelin]</strong></span> 
     </span>
    </p>
   </div>
   <div class='ocr_carea' id='block_1_4' title="bbox 89 2802 1271 3492">
    <p class='ocr_par' dir='ltr' id='par_1_7' title="bbox 89 2802 1271 3492">
     <span class='ocr_line' id='line_1_26' title="bbox 103 2802 1267 2870; baseline 0.003 -16"><span class='ocrx_word' id='word_1_208' title='bbox 103 2802 196 2854; x_wconf 82' lang='lat' dir='ltr'><strong>tudio:</strong></span> <span class='ocrx_word' id='word_1_209' title='bbox 208 2802 321 2868; x_wconf 73' lang='lat' dir='ltr'><strong>populos</strong></span> <span class='ocrx_word' id='word_1_210' title='bbox 336 2807 404 2863; x_wconf 82' lang='lat' dir='ltr'><strong>(om.</strong></span> <span class='ocrx_word' id='word_1_211' title='bbox 423 2803 461 2867; x_wconf 82' lang='lat' dir='ltr'><strong>et)</strong></span> <span class='ocrx_word' id='word_1_212' title='bbox 479 2819 541 2870; x_wconf 57' lang='lat' dir='ltr'><strong>mg.</strong></span> <span class='ocrx_word' id='word_1_213' title='bbox 567 2832 599 2842; x_wconf 96' lang='lat'><em>-</em></span> <span class='ocrx_word' id='word_1_214' title='bbox 627 2802 754 2870; x_wconf 77' lang='lat' dir='ltr'><strong>Quirites]</strong></span> <span class='ocrx_word' id='word_1_215' title='bbox 773 2802 811 2854; x_wconf 89' lang='lat' dir='ltr'><strong>ib.</strong></span> <span class='ocrx_word' id='word_1_216' title='bbox 827 2819 854 2854; x_wconf 82' lang='lat' dir='ltr'><strong>v.</strong></span> <span class='ocrx_word' id='word_1_217' title='bbox 872 2806 933 2854; x_wconf 81' lang='lat'><strong>201.</strong></span> <span class='ocrx_word' id='word_1_218' title='bbox 1033 2807 1077 2854; x_wconf 72' lang='grc'><strong>20.</strong></span> <span class='ocrx_word' id='word_1_219' title='bbox 1104 2803 1184 2856; x_wconf 82' lang='lat' dir='ltr'><strong>tector</strong></span> <span class='ocrx_word' id='word_1_220' title='bbox 1201 2803 1267 2857; x_wconf 89' lang='lat' dir='ltr'><strong>diii·</strong></span> 
     </span>
     <span class='ocr_line' id='line_1_27' title="bbox 95 2884 241 2937; baseline -0.021 -16"><span class='ocrx_word' id='word_1_221' title='bbox 95 2884 241 2937; x_wconf 72' lang='lat' dir='ltr'><strong>genev-g.</strong></span> 
     </span>
     <span class='ocr_line' id='line_1_28' title="bbox 164 2951 1269 3024; baseline 0.005 -23"><span class='ocrx_word' id='word_1_222' title='bbox 164 2951 223 3003; x_wconf 82' lang='lat' dir='ltr'><strong>vn.</strong></span> <span class='ocrx_word' id='word_1_223' title='bbox 263 2953 350 3019; x_wconf 79' lang='lat' dir='ltr'><strong>Caput</strong></span> <span class='ocrx_word' id='word_1_224' title='bbox 375 2954 437 3005; x_wconf 77' lang='lat' dir='ltr'><strong>Vri.</strong></span> <span class='ocrx_word' id='word_1_225' title='bbox 471 2954 587 3016; x_wconf 78' lang='lat' dir='ltr'><strong>Vccucc,</strong></span> <span class='ocrx_word' id='word_1_226' title='bbox 616 2952 781 3015; x_wconf 71' lang='lat' dir='ltr'><strong>illaudatus,</strong></span> <span class='ocrx_word' id='word_1_227' title='bbox 805 2960 831 3005; x_wconf 88' lang='lat' dir='ltr'><strong>et</strong></span> <span class='ocrx_word' id='word_1_228' title='bbox 855 2952 997 3020; x_wconf 73' lang='lat' dir='ltr'><strong>squalere,</strong></span> <span class='ocrx_word' id='word_1_229' title='bbox 1022 2954 1095 3021; x_wconf 75' lang='lat' dir='ltr'><strong>apud</strong></span> <span class='ocrx_word' id='word_1_230' title='bbox 1119 2954 1269 3024; x_wconf 72' lang='lat' dir='ltr'><strong>i&#39;crgiiiun</strong></span> 
     </span>
     <span class='ocr_line' id='line_1_29' title="bbox 132 3018 1271 3088; baseline 0.003 -19"><span class='ocrx_word' id='word_1_231' title='bbox 132 3018 161 3069; x_wconf 88' lang='lat' dir='ltr'><strong>id</strong></span> <span class='ocrx_word' id='word_1_232' title='bbox 178 3020 337 3088; x_wconf 80' lang='lat' dir='ltr'><strong>significent.</strong></span> <span class='ocrx_word' id='word_1_233' title='bbox 354 3020 434 3072; x_wconf 91' lang='lat' dir='ltr'><strong>ob·b.</strong></span> <span class='ocrx_word' id='word_1_234' title='bbox 540 3025 562 3071; x_wconf 88' lang='lat'><strong>1.</strong></span> <span class='ocrx_word' id='word_1_235' title='bbox 589 3020 746 3073; x_wconf 72' lang='lat' dir='ltr'><strong>Eustochio</strong></span> <span class='ocrx_word' id='word_1_236' title='bbox 765 3019 818 3071; x_wconf 76' lang='lat' dir='ltr'><strong>ric.</strong></span> <span class='ocrx_word' id='word_1_237' title='bbox 846 3020 949 3072; x_wconf 79' lang='lat' dir='ltr'><strong>Eadem</strong></span> <span class='ocrx_word' id='word_1_238' title='bbox 968 3018 1108 3086; x_wconf 79' lang='lat' dir='ltr'><strong>scriptura</strong></span> <span class='ocrx_word' id='word_1_239' title='bbox 1127 3019 1271 3073; x_wconf 81' lang='lat' dir='ltr'><strong>invenitur</strong></span> 
     </span>
     <span class='ocr_line' id='line_1_30' title="bbox 96 3036 1270 3154; baseline 0.003 -17"><span class='ocrx_word' id='word_1_240' title='bbox 96 3036 191 3137; x_wconf 68' lang='lat' dir='ltr'><strong>inibi·</strong></span> <span class='ocrx_word' id='word_1_241' title='bbox 209 3087 270 3137; x_wconf 87' lang='lat' dir='ltr'><strong>edd.</strong></span> <span class='ocrx_word' id='word_1_242' title='bbox 290 3088 447 3154; x_wconf 86' lang='lat' dir='ltr'><strong>ubicunqne</strong></span> <span class='ocrx_word' id='word_1_243' title='bbox 460 3088 514 3139; x_wconf 89' lang='lat' dir='ltr'><strong>boc</strong></span> <span class='ocrx_word' id='word_1_244' title='bbox 532 3104 632 3141; x_wconf 85' lang='lat' dir='ltr'><strong>noman</strong></span> <span class='ocrx_word' id='word_1_245' title='bbox 648 3089 675 3139; x_wconf 78' lang='lat' dir='ltr'><strong>tc</strong></span> <span class='ocrx_word' id='word_1_246' title='bbox 698 3087 766 3152; x_wconf 87' lang='lat' dir='ltr'><strong>itur,</strong></span> <span class='ocrx_word' id='word_1_247' title='bbox 783 3087 894 3139; x_wconf 82' lang='lat' dir='ltr'><strong>etiamci</strong></span> <span class='ocrx_word' id='word_1_248' title='bbox 914 3106 967 3138; x_wconf 89' lang='lat' dir='ltr'><strong>noo</strong></span> <span class='ocrx_word' id='word_1_249' title='bbox 986 3096 1029 3139; x_wconf 81' lang='lat' dir='ltr'><strong>cst</strong></span> <span class='ocrx_word' id='word_1_250' title='bbox 1044 3089 1220 3154; x_wconf 85' lang='lat' dir='ltr'><strong>adnotatum,</strong></span> <span class='ocrx_word' id='word_1_251' title='bbox 1239 3094 1270 3142; x_wconf 85' lang='lat' dir='ltr'><strong>ut</strong></span> 
     </span>
     <span class='ocr_line' id='line_1_31' title="bbox 96 3152 1269 3225; baseline 0.002 -21"><span class='ocrx_word' id='word_1_252' title='bbox 96 3152 215 3206; x_wconf 79' lang='lat' dir='ltr'><strong>inisset</strong></span> <span class='ocrx_word' id='word_1_253' title='bbox 234 3154 257 3218; x_wconf 91' lang='lat'><strong>1,</strong></span> <span class='ocrx_word' id='word_1_254' title='bbox 275 3158 319 3217; x_wconf 76' lang='lat'><strong>24,</strong></span> <span class='ocrx_word' id='word_1_255' title='bbox 337 3158 371 3220; x_wconf 70' lang='lat'><strong>§3</strong></span> <span class='ocrx_word' id='word_1_256' title='bbox 390 3161 422 3206; x_wconf 80' lang='lat' dir='ltr'><strong>re</strong></span> <span class='ocrx_word' id='word_1_257' title='bbox 446 3159 529 3208; x_wconf 76' lang='lat' dir='ltr'><strong>etat.</strong></span> <span class='ocrx_word' id='word_1_258' title='bbox 553 3184 586 3194; x_wconf 93' lang='lat'>-</span> <span class='ocrx_word' id='word_1_259' title='bbox 609 3157 663 3220; x_wconf 81' lang='lat' dir='ltr'><strong>Qui</strong></span> <span class='ocrx_word' id='word_1_260' title='bbox 703 3156 821 3225; x_wconf 75' lang='lat' dir='ltr'><strong>‹2ch6.</strong></span> <span class='ocrx_word' id='word_1_261' title='bbox 922 3158 947 3205; x_wconf 76' lang='grc'><strong>2,</strong></span> <span class='ocrx_word' id='word_1_262' title='bbox 980 3154 1139 3205; x_wconf 70' lang='lat' dir='ltr'><strong>Eustochiae</strong></span> <span class='ocrx_word' id='word_1_263' title='bbox 1152 3156 1206 3206; x_wconf 86' lang='lat' dir='ltr'><strong>icm</strong></span> <span class='ocrx_word' id='word_1_264' title='bbox 1224 3157 1269 3207; x_wconf 82' lang='lat' dir='ltr'><strong>in·</strong></span> 
     </span>
     <span class='ocr_line' id='line_1_32' title="bbox 95 3221 1271 3293; baseline 0.002 -21"><span class='ocrx_word' id='word_1_265' title='bbox 95 3223 166 3290; x_wconf 75' lang='lat' dir='ltr'><strong>quite</strong></span> <span class='ocrx_word' id='word_1_266' title='bbox 182 3223 252 3288; x_wconf 83' lang='lat' dir='ltr'><strong>(om.</strong></span> <span class='ocrx_word' id='word_1_267' title='bbox 272 3223 386 3287; x_wconf 84' lang='lat' dir='ltr'><strong>dudum)</strong></span> <span class='ocrx_word' id='word_1_268' title='bbox 401 3227 444 3276; x_wconf 69' lang='lat' dir='ltr'><strong>vd.</strong></span> <span class='ocrx_word' id='word_1_269' title='bbox 472 3250 505 3260; x_wconf 92' lang='lat'>-</span> <span class='ocrx_word' id='word_1_270' title='bbox 528 3224 611 3293; x_wconf 80' lang='lat' dir='ltr'><strong>gestit</strong></span> <span class='ocrx_word' id='word_1_271' title='bbox 628 3226 795 3292; x_wconf 74' lang='lat' dir='ltr'><strong>interrogare</strong></span> <span class='ocrx_word' id='word_1_272' title='bbox 815 3223 936 3273; x_wconf 81' lang='lat' dir='ltr'><strong>Seruium</strong></span> <span class='ocrx_word' id='word_1_273' title='bbox 953 3221 1033 3271; x_wconf 80' lang='lat' dir='ltr'><strong>a-bt&#39;.</strong></span> <span class='ocrx_word' id='word_1_274' title='bbox 1057 3248 1091 3259; x_wconf 89' lang='lat'>-</span> <span class='ocrx_word' id='word_1_275' title='bbox 1116 3228 1146 3273; x_wconf 80' lang='lat' dir='ltr'><strong>ct</strong></span> <span class='ocrx_word' id='word_1_276' title='bbox 1164 3223 1271 3275; x_wconf 77' lang='lat' dir='ltr'><strong>doctior</strong></span> 
     </span>
     <span class='ocr_line' id='line_1_33' title="bbox 89 3287 1165 3358; baseline -0.001 -15"><span class='ocrx_word' id='word_1_277' title='bbox 89 3290 145 3355; x_wconf 71' lang='lat' dir='ltr'><strong>fiet</strong></span> <span class='ocrx_word' id='word_1_278' title='bbox 164 3296 195 3343; x_wconf 89' lang='lat' dir='ltr'><strong>ct</strong></span> <span class='ocrx_word' id='word_1_279' title='bbox 212 3290 306 3341; x_wconf 80' lang='lat' dir='ltr'><strong>certior</strong></span> <span class='ocrx_word' id='word_1_280' title='bbox 326 3291 374 3341; x_wconf 82' lang='lat' dir='ltr'><strong>Pe.</strong></span> <span class='ocrx_word' id='word_1_281' title='bbox 478 3292 504 3342; x_wconf 72' lang='grc'><strong>8.</strong></span> <span class='ocrx_word' id='word_1_282' title='bbox 532 3291 681 3358; x_wconf 75' lang='lat' dir='ltr'><strong>potereris</strong></span> <span class='ocrx_word' id='word_1_283' title='bbox 708 3292 880 3343; x_wconf 78' lang='lat' dir='ltr'><strong>exboctctuc</strong></span> <span class='ocrx_word' id='word_1_284' title='bbox 896 3287 927 3339; x_wconf 86' lang='lat' dir='ltr'><strong>S·</strong></span> <span class='ocrx_word' id='word_1_285' title='bbox 957 3315 990 3327; x_wconf 93' lang='lat'>-</span> <span class='ocrx_word' id='word_1_286' title='bbox 1016 3304 1070 3341; x_wconf 84' lang='lat' dir='ltr'><strong>nco</strong></span> <span class='ocrx_word' id='word_1_287' title='bbox 1088 3296 1117 3341; x_wconf 85' lang='lat' dir='ltr'><strong>tu</strong></span> <span class='ocrx_word' id='word_1_288' title='bbox 1136 3287 1165 3342; x_wconf 78' lang='lat' dir='ltr'><strong>S.</strong></span> 
     </span>
     <span class='ocr_line' id='line_1_34' title="bbox 96 3355 1270 3423; baseline 0.003 -17"><span class='ocrx_word' id='word_1_289' title='bbox 96 3359 122 3407; x_wconf 75' lang='grc'><strong>4.</strong></span> <span class='ocrx_word' id='word_1_290' title='bbox 147 3356 221 3408; x_wconf 77' lang='lat' dir='ltr'><strong>&#39;i&#39;accr</strong></span> <span class='ocrx_word' id='word_1_291' title='bbox 240 3356 289 3423; x_wconf 74' lang='lat' dir='ltr'><strong>bg.</strong></span> <span class='ocrx_word' id='word_1_292' title='bbox 304 3384 339 3397; x_wconf 93' lang='lat'><em>-</em></span> <span class='ocrx_word' id='word_1_293' title='bbox 357 3374 416 3409; x_wconf 86' lang='lat' dir='ltr'><strong>carm</strong></span> <span class='ocrx_word' id='word_1_294' title='bbox 433 3375 487 3409; x_wconf 89' lang='lat' dir='ltr'><strong>om.</strong></span> <span class='ocrx_word' id='word_1_295' title='bbox 507 3358 561 3410; x_wconf 80' lang='grc' dir='ltr'><strong>ΛΡ.</strong></span> <span class='ocrx_word' id='word_1_296' title='bbox 579 3386 616 3397; x_wconf 92' lang='grc'><strong>-</strong></span> <span class='ocrx_word' id='word_1_297' title='bbox 627 3360 733 3422; x_wconf 76' lang='lat' dir='ltr'><strong>suerat</strong></span> <span class='ocrx_word' id='word_1_298' title='bbox 749 3356 780 3408; x_wconf 78' lang='grc' dir='ltr'><strong>Α.</strong></span> <span class='ocrx_word' id='word_1_299' title='bbox 801 3384 828 3395; x_wconf 96' lang='grc'>-</span> <span class='ocrx_word' id='word_1_300' title='bbox 850 3355 979 3407; x_wconf 78' lang='lat' dir='ltr'><strong>incurioso</strong></span> <span class='ocrx_word' id='word_1_301' title='bbox 995 3363 1020 3407; x_wconf 93' lang='lat' dir='ltr'><strong>ct</strong></span> <span class='ocrx_word' id='word_1_302' title='bbox 1037 3358 1137 3409; x_wconf 82' lang='lat' dir='ltr'><strong>uiicctc</strong></span> <span class='ocrx_word' id='word_1_303' title='bbox 1215 3357 1270 3409; x_wconf 79' lang='lat' dir='ltr'><strong>dici</strong></span> 
     </span>
     <span class='ocr_line' id='line_1_35' title="bbox 95 3422 1269 3492; baseline 0.003 -17"><span class='ocrx_word' id='word_1_304' title='bbox 95 3424 208 3491; x_wconf 63' lang='lat' dir='ltr'><strong>mouit</strong></span> <span class='ocrx_word' id='word_1_305' title='bbox 225 3422 288 3489; x_wconf 79' lang='lat' dir='ltr'><strong>(bn.</strong></span> <span class='ocrx_word' id='word_1_306' title='bbox 307 3426 395 3492; x_wconf 56' lang='grc' dir='ltr'><strong>σιω]</strong></span> <span class='ocrx_word' id='word_1_307' title='bbox 411 3425 456 3477; x_wconf 78' lang='lat' dir='ltr'><strong>Gi.</strong></span> <span class='ocrx_word' id='word_1_308' title='bbox 471 3425 546 3478; x_wconf 78' lang='lat' dir='ltr'><strong>ueri.</strong></span> <span class='ocrx_word' id='word_1_309' title='bbox 564 3425 597 3479; x_wconf 84' lang='lat' dir='ltr'><strong>N.</strong></span> <span class='ocrx_word' id='word_1_310' title='bbox 613 3424 646 3478; x_wconf 76' lang='grc' dir='ltr'><strong>Δ.</strong></span> <span class='ocrx_word' id='word_1_311' title='bbox 663 3425 705 3489; x_wconf 84' lang='grc' dir='ltr'><strong>ΙΙ,</strong></span> <span class='ocrx_word' id='word_1_312' title='bbox 724 3429 751 3476; x_wconf 87' lang='lat' dir='ltr'><strong>o.</strong></span> <span class='ocrx_word' id='word_1_313' title='bbox 772 3452 805 3465; x_wconf 91' lang='lat'>-</span> <span class='ocrx_word' id='word_1_314' title='bbox 830 3425 859 3475; x_wconf 87' lang='lat' dir='ltr'><strong>in</strong></span> <span class='ocrx_word' id='word_1_315' title='bbox 879 3423 919 3474; x_wconf 83' lang='lat' dir='ltr'><strong>iic</strong></span> <span class='ocrx_word' id='word_1_316' title='bbox 940 3423 1057 3475; x_wconf 73' lang='lat' dir='ltr'><strong>coraibus</strong></span> <span class='ocrx_word' id='word_1_317' title='bbox 1076 3428 1118 3475; x_wconf 83' lang='lat' dir='ltr'><strong>rt.</strong></span> <span class='ocrx_word' id='word_1_318' title='bbox 1140 3451 1174 3463; x_wconf 92' lang='lat'><em>-</em></span> <span class='ocrx_word' id='word_1_319' title='bbox 1196 3426 1269 3478; x_wconf 79' lang='lat' dir='ltr'><strong>Con-</strong></span> 
     </span>
    </p>
   </div>
   <div class='ocr_carea' id='block_1_5' title="bbox 93 3573 1271 4852">
    <p class='ocr_par' dir='ltr' id='par_1_8' title="bbox 93 3573 1271 4852">
     <span class='ocr_line' id='line_1_36' title="bbox 128 3573 1269 3642; baseline 0.004 -19"><span class='ocrx_word' id='word_1_320' title='bbox 128 3575 172 3624; x_wconf 77' lang='lat'><strong>20.</strong></span> <span class='ocrx_word' id='word_1_321' title='bbox 207 3573 297 3639; x_wconf 84' lang='lat' dir='ltr'><strong>tector]</strong></span> <span class='ocrx_word' id='word_1_322' title='bbox 319 3574 363 3626; x_wconf 82' lang='lat' dir='ltr'><strong>ci.</strong></span> <span class='ocrx_word' id='word_1_323' title='bbox 384 3574 414 3639; x_wconf 81' lang='lat' dir='ltr'><strong>V,</strong></span> <span class='ocrx_word' id='word_1_324' title='bbox 430 3581 455 3639; x_wconf 82' lang='grc'><strong>7,</strong></span> <span class='ocrx_word' id='word_1_325' title='bbox 470 3577 495 3626; x_wconf 76' lang='grc'><strong>4.</strong></span> <span class='ocrx_word' id='word_1_326' title='bbox 709 3584 767 3629; x_wconf 85' lang='lat' dir='ltr'><strong>rent</strong></span> <span class='ocrx_word' id='word_1_327' title='bbox 786 3576 903 3627; x_wconf 85' lang='lat' dir='ltr'><strong>bomincc</strong></span> <span class='ocrx_word' id='word_1_328' title='bbox 925 3575 1077 3642; x_wconf 80' lang='lat' dir='ltr'><strong>Pompeio</strong></span> <span class='ocrx_word' id='word_1_329' title='bbox 1101 3594 1167 3628; x_wconf 85' lang='lat' dir='ltr'><strong>cum</strong></span> <span class='ocrx_word' id='word_1_330' title='bbox 1191 3578 1269 3630; x_wconf 82' lang='lat' dir='ltr'><strong>Coc·</strong></span> 
     </span>
     <span class='ocr_line' id='line_1_37' title="bbox 131 3640 1172 3711; baseline 0.005 -21"><span class='ocrx_word' id='word_1_331' title='bbox 131 3640 236 3707; x_wconf 83' lang='lat' dir='ltr'><strong>vtt,1.</strong></span> <span class='ocrx_word' id='word_1_332' title='bbox 271 3643 399 3693; x_wconf 78' lang='lat' dir='ltr'><strong>Anienem</strong></span> <span class='ocrx_word' id='word_1_333' title='bbox 421 3643 659 3697; x_wconf 78' lang='lat' dir='ltr'><strong>Euctutirioim·</strong></span> <span class='ocrx_word' id='word_1_334' title='bbox 709 3660 782 3695; x_wconf 84' lang='lat' dir='ltr'><strong>cure</strong></span> <span class='ocrx_word' id='word_1_335' title='bbox 802 3643 1057 3711; x_wconf 82' lang='lat' dir='ltr'><strong>ccccncgotium</strong></span> <span class='ocrx_word' id='word_1_336' title='bbox 1078 3645 1172 3711; x_wconf 79' lang='lat' dir='ltr'><strong>effecit.</strong></span> 
     </span>
     <span class='ocr_line' id='line_1_38' title="bbox 94 3708 1269 3778; baseline 0 -17"><span class='ocrx_word' id='word_1_337' title='bbox 94 3709 254 3776; x_wconf 73' lang='lat' dir='ltr'><strong>cenantem]</strong></span> <span class='ocrx_word' id='word_1_338' title='bbox 264 3708 323 3760; x_wconf 75' lang='lat' dir='ltr'><strong>Vid.</strong></span> <span class='ocrx_word' id='word_1_339' title='bbox 335 3711 465 3777; x_wconf 75' lang='lat' dir='ltr'><strong>proiegg.</strong></span> <span class='ocrx_word' id='word_1_340' title='bbox 481 3727 506 3775; x_wconf 76' lang='lat' dir='ltr'><strong>p.</strong></span> <span class='ocrx_word' id='word_1_341' title='bbox 517 3726 608 3761; x_wconf 77' lang='lat' dir='ltr'><strong>savrra</strong></span> <span class='ocrx_word' id='word_1_342' title='bbox 617 3727 659 3778; x_wconf 79' lang='lat' dir='ltr'><strong>sq.</strong></span> <span class='ocrx_word' id='word_1_343' title='bbox 743 3727 776 3761; x_wconf 84' lang='lat' dir='ltr'><strong>nc</strong></span> <span class='ocrx_word' id='word_1_344' title='bbox 789 3718 818 3762; x_wconf 84' lang='lat' dir='ltr'><strong>tu</strong></span> <span class='ocrx_word' id='word_1_345' title='bbox 836 3710 913 3761; x_wconf 89' lang='lat' dir='ltr'><strong>modo</strong></span> <span class='ocrx_word' id='word_1_346' title='bbox 931 3712 1004 3763; x_wconf 83' lang='lat' dir='ltr'><strong>uitro</strong></span> <span class='ocrx_word' id='word_1_347' title='bbox 1022 3712 1115 3776; x_wconf 78' lang='lat' dir='ltr'><strong>cesses]</strong></span> <span class='ocrx_word' id='word_1_348' title='bbox 1135 3711 1269 3777; x_wconf 75' lang='lat' dir='ltr'><strong>Aliquan-</strong></span> 
     </span>
     <span class='ocr_line' id='line_1_39' title="bbox 128 3776 1268 3846; baseline 0.002 -19"><span class='ocrx_word' id='word_1_349' title='bbox 128 3776 193 3827; x_wconf 86' lang='lat' dir='ltr'><strong>iuuu</strong></span> <span class='ocrx_word' id='word_1_350' title='bbox 226 3783 251 3827; x_wconf 89' lang='lat' dir='ltr'><strong>ct</strong></span> <span class='ocrx_word' id='word_1_351' title='bbox 280 3813 305 3829; x_wconf 89' lang='lat'><strong>..</strong></span> <span class='ocrx_word' id='word_1_352' title='bbox 335 3777 482 3846; x_wconf 75' lang='lat' dir='ltr'><strong>publicato]</strong></span> <span class='ocrx_word' id='word_1_353' title='bbox 517 3777 657 3833; x_wconf 78' lang='lat' dir='ltr'><strong>Observcs</strong></span> <span class='ocrx_word' id='word_1_354' title='bbox 709 3776 797 3843; x_wconf 81' lang='lat' dir='ltr'><strong>tisper</strong></span> <span class='ocrx_word' id='word_1_355' title='bbox 818 3776 945 3828; x_wconf 77' lang='lat' dir='ltr'><strong>dubitari</strong></span> <span class='ocrx_word' id='word_1_356' title='bbox 969 3792 1004 3827; x_wconf 88' lang='lat' dir='ltr'><strong>an</strong></span> <span class='ocrx_word' id='word_1_357' title='bbox 1028 3777 1099 3828; x_wconf 80' lang='lat' dir='ltr'><strong>baec</strong></span> <span class='ocrx_word' id='word_1_358' title='bbox 1122 3776 1197 3827; x_wconf 87' lang='lat' dir='ltr'><strong>idern</strong></span> <span class='ocrx_word' id='word_1_359' title='bbox 1220 3793 1268 3829; x_wconf 81' lang='lat' dir='ltr'><strong>va·</strong></span> 
     </span>
     <span class='ocr_line' id='line_1_40' title="bbox 96 3840 1268 3910; baseline 0 -15"><span class='ocrx_word' id='word_1_360' title='bbox 96 3840 167 3895; x_wconf 78' lang='lat' dir='ltr'><strong>duas</strong></span> <span class='ocrx_word' id='word_1_361' title='bbox 185 3842 347 3910; x_wconf 77' lang='lat' dir='ltr'><strong>imperativi</strong></span> <span class='ocrx_word' id='word_1_362' title='bbox 360 3847 465 3897; x_wconf 79' lang='lat' dir='ltr'><strong>termus</strong></span> <span class='ocrx_word' id='word_1_363' title='bbox 480 3845 559 3899; x_wconf 83' lang='lat' dir='ltr'><strong>nulia</strong></span> <span class='ocrx_word' id='word_1_364' title='bbox 572 3861 659 3901; x_wconf 70' lang='lat' dir='ltr'><strong>cauco</strong></span> <span class='ocrx_word' id='word_1_365' title='bbox 710 3848 801 3896; x_wconf 84' lang='lat' dir='ltr'><strong>terent</strong></span> <span class='ocrx_word' id='word_1_366' title='bbox 818 3858 850 3894; x_wconf 85' lang='lat' dir='ltr'><strong>oc</strong></span> <span class='ocrx_word' id='word_1_367' title='bbox 870 3845 1010 3897; x_wconf 85' lang='lat' dir='ltr'><strong>dummodo</strong></span> <span class='ocrx_word' id='word_1_368' title='bbox 1025 3860 1058 3894; x_wconf 85' lang='lat' dir='ltr'><strong>nc</strong></span> <span class='ocrx_word' id='word_1_369' title='bbox 1075 3852 1103 3895; x_wconf 84' lang='lat' dir='ltr'><strong>tu</strong></span> <span class='ocrx_word' id='word_1_370' title='bbox 1120 3845 1194 3896; x_wconf 85' lang='lat' dir='ltr'><strong>uttru</strong></span> <span class='ocrx_word' id='word_1_371' title='bbox 1211 3859 1268 3895; x_wconf 85' lang='lat' dir='ltr'><strong>ccc·</strong></span> 
     </span>
     <span class='ocr_line' id='line_1_41' title="bbox 95 3910 1268 3978; baseline 0.001 -16"><span class='ocrx_word' id='word_1_372' title='bbox 95 3919 250 3978; x_wconf 79' lang='lat' dir='ltr'><strong>apparente</strong></span> <span class='ocrx_word' id='word_1_373' title='bbox 264 3913 439 3965; x_wconf 77' lang='lat' dir='ltr'><strong>coniunctas.</strong></span> <span class='ocrx_word' id='word_1_374' title='bbox 708 3928 763 3973; x_wconf 84' lang='lat' dir='ltr'><strong>ccc,</strong></span> <span class='ocrx_word' id='word_1_375' title='bbox 789 3918 817 3961; x_wconf 84' lang='lat' dir='ltr'><strong>et</strong></span> <span class='ocrx_word' id='word_1_376' title='bbox 835 3912 983 3962; x_wconf 73' lang='lat' dir='ltr'><strong>referenda</strong></span> <span class='ocrx_word' id='word_1_377' title='bbox 1001 3917 1096 3962; x_wconf 81' lang='lat' dir='ltr'><strong>essent</strong></span> <span class='ocrx_word' id='word_1_378' title='bbox 1114 3912 1150 3962; x_wconf 93' lang='lat' dir='ltr'><strong>ad</strong></span> <span class='ocrx_word' id='word_1_379' title='bbox 1169 3910 1268 3963; x_wconf 73' lang='lat' dir='ltr'><strong>verbus</strong></span> 
     </span>
     <span class='ocr_line' id='line_1_42' title="bbox 127 3978 1267 4049; baseline 0.002 -21"><span class='ocrx_word' id='word_1_380' title='bbox 127 3982 156 4029; x_wconf 73' lang='lat'><strong>2.</strong></span> <span class='ocrx_word' id='word_1_381' title='bbox 192 3981 338 4049; x_wconf 80' lang='lat' dir='ltr'><strong>enarratio]</strong></span> <span class='ocrx_word' id='word_1_382' title='bbox 357 3981 400 4031; x_wconf 80' lang='lat' dir='ltr'><strong>ct.</strong></span> <span class='ocrx_word' id='word_1_383' title='bbox 420 3998 444 4031; x_wconf 86' lang='lat' dir='ltr'><strong>c.</strong></span> <span class='ocrx_word' id='word_1_384' title='bbox 460 3983 487 4030; x_wconf 81' lang='lat'><strong>6·</strong></span> <span class='ocrx_word' id='word_1_385' title='bbox 506 3978 520 4044; x_wconf 69' lang='grc'><strong>5</strong></span> <span class='ocrx_word' id='word_1_386' title='bbox 542 3983 564 4032; x_wconf 87' lang='lat' dir='ltr'><strong>i.</strong></span> <span class='ocrx_word' id='word_1_387' title='bbox 707 3979 771 4046; x_wconf 77' lang='lat' dir='ltr'><strong>quia</strong></span> <span class='ocrx_word' id='word_1_388' title='bbox 798 3979 825 4029; x_wconf 88' lang='lat' dir='ltr'><strong>in</strong></span> <span class='ocrx_word' id='word_1_389' title='bbox 850 3994 983 4029; x_wconf 81' lang='lat' dir='ltr'><strong>commune</strong></span> <span class='ocrx_word' id='word_1_390' title='bbox 1006 3980 1160 4046; x_wconf 77' lang='lat' dir='ltr'><strong>proficient,</strong></span> <span class='ocrx_word' id='word_1_391' title='bbox 1185 3993 1267 4043; x_wconf 78' lang='lat' dir='ltr'><strong>quarn</strong></span> 
     </span>
     <span class='ocr_line' id='line_1_43' title="bbox 129 4044 1269 4116; baseline 0.002 -21"><span class='ocrx_word' id='word_1_392' title='bbox 129 4048 245 4109; x_wconf 75' lang='lat' dir='ltr'><strong>officium</strong></span> <span class='ocrx_word' id='word_1_393' title='bbox 269 4049 436 4116; x_wconf 71' lang='lat' dir='ltr'><strong>litteratoris]</strong></span> <span class='ocrx_word' id='word_1_394' title='bbox 462 4047 524 4098; x_wconf 70' lang='lat' dir='ltr'><strong>vid.</strong></span> <span class='ocrx_word' id='word_1_395' title='bbox 546 4050 603 4098; x_wconf 70' lang='lat' dir='ltr'><strong>out</strong></span> <span class='ocrx_word' id='word_1_396' title='bbox 620 4044 656 4097; x_wconf 83' lang='lat' dir='ltr'><strong>tad</strong></span> <span class='ocrx_word' id='word_1_397' title='bbox 708 4045 845 4096; x_wconf 82' lang='lat' dir='ltr'><strong>rationem</strong></span> <span class='ocrx_word' id='word_1_398' title='bbox 864 4051 1006 4110; x_wconf 81' lang='lat' dir='ltr'><strong>poctarum</strong></span> <span class='ocrx_word' id='word_1_399' title='bbox 1026 4062 1088 4096; x_wconf 81' lang='lat' dir='ltr'><strong>ecce</strong></span> <span class='ocrx_word' id='word_1_400' title='bbox 1106 4045 1176 4097; x_wconf 88' lang='lat' dir='ltr'><strong>dicit</strong></span> <span class='ocrx_word' id='word_1_401' title='bbox 1190 4046 1269 4097; x_wconf 79' lang='lat' dir='ltr'><strong>Hau·</strong></span> 
     </span>
     <span class='ocr_line' id='line_1_44' title="bbox 98 4108 1268 4177; baseline 0.003 -16"><span class='ocrx_word' id='word_1_402' title='bbox 98 4108 121 4174; x_wconf 90' lang='grc'><strong>1,</strong></span> <span class='ocrx_word' id='word_1_403' title='bbox 138 4114 182 4174; x_wconf 74' lang='lat'><strong>24,</strong></span> <span class='ocrx_word' id='word_1_404' title='bbox 199 4114 243 4161; x_wconf 78' lang='lat'><strong>20.</strong></span> <span class='ocrx_word' id='word_1_405' title='bbox 707 4112 905 4163; x_wconf 79' lang='lat' dir='ltr'><strong>diuc&#39;l&#39;urccil.</strong></span> <span class='ocrx_word' id='word_1_406' title='bbox 924 4112 974 4173; x_wconf 93' lang='grc' dir='ltr'><strong>ΙΙΙ,</strong></span> <span class='ocrx_word' id='word_1_407' title='bbox 992 4117 1093 4177; x_wconf 64' lang='lat' dir='ltr'><strong>metiti.</strong></span> <span class='ocrx_word' id='word_1_408' title='bbox 1121 4112 1175 4164; x_wconf 76' lang='lat' dir='ltr'><strong>see</strong></span> <span class='ocrx_word' id='word_1_409' title='bbox 1194 4128 1268 4165; x_wconf 85' lang='lat' dir='ltr'><strong>nuuc</strong></span> 
     </span>
     <span class='ocr_line' id='line_1_45' title="bbox 128 4178 1173 4251; baseline 0.003 -21"><span class='ocrx_word' id='word_1_410' title='bbox 128 4185 231 4243; x_wconf 69' lang='lat' dir='ltr'><strong>tempus</strong></span> <span class='ocrx_word' id='word_1_411' title='bbox 246 4179 392 4251; x_wconf 77' lang='lat' dir='ltr'><strong>indulgen]</strong></span> <span class='ocrx_word' id='word_1_412' title='bbox 412 4183 455 4234; x_wconf 82' lang='lat' dir='ltr'><strong>Gi.</strong></span> <span class='ocrx_word' id='word_1_413' title='bbox 473 4182 590 4233; x_wconf 83' lang='lat' dir='ltr'><strong>Sucion.</strong></span> <span class='ocrx_word' id='word_1_414' title='bbox 601 4178 657 4231; x_wconf 83' lang='lat' dir='ltr'><strong>Oc·</strong></span> <span class='ocrx_word' id='word_1_415' title='bbox 708 4196 809 4232; x_wconf 81' lang='lat' dir='ltr'><strong>censeo</strong></span> <span class='ocrx_word' id='word_1_416' title='bbox 829 4181 922 4230; x_wconf 84' lang='lat' dir='ltr'><strong>inesse</strong></span> <span class='ocrx_word' id='word_1_417' title='bbox 939 4179 1173 4234; x_wconf 79' lang='lat' dir='ltr'><strong>adhortationem.</strong></span> 
     </span>
     <span class='ocr_line' id='line_1_46' title="bbox 96 4247 1268 4369; baseline 0.005 -74"><span class='ocrx_word' id='word_1_418' title='bbox 96 4249 153 4297; x_wconf 77' lang='lat' dir='ltr'><strong>tar.</strong></span> <span class='ocrx_word' id='word_1_419' title='bbox 165 4247 208 4296; x_wconf 76' lang='lat' dir='ltr'><strong>tt.</strong></span> <span class='ocrx_word' id='word_1_420' title='bbox 231 4248 325 4298; x_wconf 76' lang='lat' dir='ltr'><strong>Usum</strong></span> <span class='ocrx_word' id='word_1_421' title='bbox 338 4251 396 4302; x_wconf 78' lang='lat' dir='ltr'><strong>eiua</strong></span> <span class='ocrx_word' id='word_1_422' title='bbox 410 4248 658 4369; x_wconf 43' lang='lat' dir='ltr'><strong>(pecuniucffrm</strong></span> <span class='ocrx_word' id='word_1_423' title='bbox 741 4250 767 4297; x_wconf 73' lang='lat'><strong>4.</strong></span> <span class='ocrx_word' id='word_1_424' title='bbox 795 4256 865 4300; x_wconf 72' lang='lat' dir='ltr'><strong>totus</strong></span> <span class='ocrx_word' id='word_1_425' title='bbox 882 4248 1062 4299; x_wconf 66' lang='lat' dir='ltr'><strong>conserente</strong></span> <span class='ocrx_word' id='word_1_426' title='bbox 1082 4247 1214 4317; x_wconf 85' lang='lat' dir='ltr'><strong>Seruium]</strong></span> <span class='ocrx_word' id='word_1_427' title='bbox 1223 4247 1268 4301; x_wconf 78' lang='lat' dir='ltr'><strong>(ii.</strong></span> 
     </span>
     <span class='ocr_line' id='line_1_47' title="bbox 95 4311 1269 4387; baseline 0.007 -24"><span class='ocrx_word' id='word_1_428' title='bbox 95 4311 190 4363; x_wconf 77' lang='lat' dir='ltr'><strong>tacitum</strong></span> <span class='ocrx_word' id='word_1_429' title='bbox 210 4350 235 4364; x_wconf 93' lang='lat'><strong>..</strong></span> <span class='ocrx_word' id='word_1_430' title='bbox 252 4315 289 4365; x_wconf 83' lang='lat' dir='ltr'><strong>ud</strong></span> <span class='ocrx_word' id='word_1_431' title='bbox 307 4324 405 4369; x_wconf 80' lang='lat' dir='ltr'><strong>certum</strong></span> <span class='ocrx_word' id='word_1_432' title='bbox 422 4316 574 4387; x_wconf 77' lang='lat' dir='ltr'><strong>tcmpucin</strong></span> <span class='ocrx_word' id='word_1_433' title='bbox 605 4316 657 4369; x_wconf 81' lang='lat' dir='ltr'><strong>ut·</strong></span> <span class='ocrx_word' id='word_1_434' title='bbox 708 4314 789 4365; x_wconf 77' lang='lat' dir='ltr'><strong>Cacc-</strong></span> <span class='ocrx_word' id='word_1_435' title='bbox 816 4313 850 4364; x_wconf 91' lang='lat' dir='ltr'><strong>B.</strong></span> <span class='ocrx_word' id='word_1_436' title='bbox 878 4314 911 4364; x_wconf 86' lang='lat' dir='ltr'><strong>G.</strong></span> <span class='ocrx_word' id='word_1_437' title='bbox 938 4313 987 4379; x_wconf 76' lang='lat' dir='ltr'><strong>Vl,</strong></span> <span class='ocrx_word' id='word_1_438' title='bbox 1005 4318 1037 4378; x_wconf 78' lang='lat'><strong>5,</strong></span> <span class='ocrx_word' id='word_1_439' title='bbox 1058 4319 1080 4366; x_wconf 92' lang='grc'><strong>1.</strong></span> <span class='ocrx_word' id='word_1_440' title='bbox 1112 4316 1213 4371; x_wconf 83' lang='lat' dir='ltr'><strong>&#39;i&#39;otua</strong></span> <span class='ocrx_word' id='word_1_441' title='bbox 1239 4323 1269 4370; x_wconf 89' lang='lat' dir='ltr'><strong>ct</strong></span> 
     </span>
     <span class='ocr_line' id='line_1_48' title="bbox 94 4379 1268 4439; baseline 0.005 -9"><span class='ocrx_word' id='word_1_442' title='bbox 94 4379 151 4430; x_wconf 86' lang='lat' dir='ltr'><strong>cit·</strong></span> <span class='ocrx_word' id='word_1_443' title='bbox 708 4389 813 4432; x_wconf 80' lang='lat' dir='ltr'><strong>mente</strong></span> <span class='ocrx_word' id='word_1_444' title='bbox 835 4389 866 4434; x_wconf 84' lang='lat' dir='ltr'><strong>ct</strong></span> <span class='ocrx_word' id='word_1_445' title='bbox 887 4382 995 4434; x_wconf 84' lang='lat' dir='ltr'><strong>animo</strong></span> <span class='ocrx_word' id='word_1_446' title='bbox 1020 4384 1048 4435; x_wconf 88' lang='lat' dir='ltr'><strong>in</strong></span> <span class='ocrx_word' id='word_1_447' title='bbox 1066 4385 1162 4437; x_wconf 81' lang='lat' dir='ltr'><strong>betium</strong></span> <span class='ocrx_word' id='word_1_448' title='bbox 1180 4422 1205 4439; x_wconf 87' lang='lat'><strong>..</strong></span> <span class='ocrx_word' id='word_1_449' title='bbox 1225 4386 1268 4436; x_wconf 90' lang='lat' dir='ltr'><strong>in·</strong></span> 
     </span>
     <span class='ocr_line' id='line_1_49' title="bbox 128 4446 786 4516; baseline 0.009 -23"><span class='ocrx_word' id='word_1_450' title='bbox 128 4447 155 4495; x_wconf 77' lang='lat'><strong>³.</strong></span> <span class='ocrx_word' id='word_1_451' title='bbox 189 4446 257 4497; x_wconf 81' lang='lat' dir='ltr'><strong>ctum</strong></span> <span class='ocrx_word' id='word_1_452' title='bbox 278 4455 304 4500; x_wconf 89' lang='lat' dir='ltr'><strong>tc</strong></span> <span class='ocrx_word' id='word_1_453' title='bbox 322 4447 385 4516; x_wconf 83' lang='lat' dir='ltr'><strong>cccc]</strong></span> <span class='ocrx_word' id='word_1_454' title='bbox 409 4448 470 4502; x_wconf 84' lang='lat' dir='ltr'><strong>Vid.</strong></span> <span class='ocrx_word' id='word_1_455' title='bbox 494 4456 551 4503; x_wconf 84' lang='lat' dir='ltr'><strong>not.</strong></span> <span class='ocrx_word' id='word_1_456' title='bbox 575 4450 610 4505; x_wconf 74' lang='lat' dir='ltr'><strong>cti</strong></span> <span class='ocrx_word' id='word_1_457' title='bbox 633 4448 657 4515; x_wconf 88' lang='lat' dir='ltr'><strong>l,</strong></span> <span class='ocrx_word' id='word_1_458' title='bbox 708 4450 786 4501; x_wconf 80' lang='lat' dir='ltr'><strong>sistit.</strong></span> 
     </span>
     <span class='ocr_line' id='line_1_50' title="bbox 98 4511 1269 4581; baseline 0.005 -18"><span class='ocrx_word' id='word_1_459' title='bbox 98 4511 187 4580; x_wconf 73' lang='lat' dir='ltr'><strong>proci.</strong></span> <span class='ocrx_word' id='word_1_460' title='bbox 207 4511 222 4578; x_wconf 63' lang='grc'><strong>5</strong></span> <span class='ocrx_word' id='word_1_461' title='bbox 240 4516 267 4564; x_wconf 81' lang='lat'><strong>2.</strong></span> <span class='ocrx_word' id='word_1_462' title='bbox 741 4515 845 4581; x_wconf 81' lang='lat' dir='ltr'><strong>merito]</strong></span> <span class='ocrx_word' id='word_1_463' title='bbox 873 4514 947 4567; x_wconf 85' lang='lat' dir='ltr'><strong>idem</strong></span> <span class='ocrx_word' id='word_1_464' title='bbox 974 4518 1070 4569; x_wconf 84' lang='lat' dir='ltr'><strong>valere</strong></span> <span class='ocrx_word' id='word_1_465' title='bbox 1097 4517 1209 4569; x_wconf 75' lang='lat' dir='ltr'><strong>ridetur</strong></span> <span class='ocrx_word' id='word_1_466' title='bbox 1234 4532 1269 4569; x_wconf 78' lang='lat' dir='ltr'><strong>ac</strong></span> 
     </span>
     <span class='ocr_line' id='line_1_51' title="bbox 128 4578 1250 4655; baseline 0.003 -22"><span class='ocrx_word' id='word_1_467' title='bbox 128 4587 254 4633; x_wconf 62' lang='lat' dir='ltr'><strong>noratur</strong></span> <span class='ocrx_word' id='word_1_468' title='bbox 270 4580 316 4646; x_wconf 84' lang='lat' dir='ltr'><strong>cit]</strong></span> <span class='ocrx_word' id='word_1_469' title='bbox 334 4578 377 4633; x_wconf 87' lang='lat' dir='ltr'><strong>ct.</strong></span> <span class='ocrx_word' id='word_1_470' title='bbox 394 4582 459 4648; x_wconf 81' lang='lat' dir='ltr'><strong>vit,</strong></span> <span class='ocrx_word' id='word_1_471' title='bbox 478 4588 509 4649; x_wconf 85' lang='lat'><strong>1,</strong></span> <span class='ocrx_word' id='word_1_472' title='bbox 523 4588 550 4637; x_wconf 80' lang='grc' dir='ltr'><strong>θ.</strong></span> <span class='ocrx_word' id='word_1_473' title='bbox 566 4592 658 4639; x_wconf 66' lang='lat' dir='ltr'><strong>orcita</strong></span> <span class='ocrx_word' id='word_1_474' title='bbox 708 4585 855 4655; x_wconf 74' lang='lat' dir='ltr'><strong>gravitate,</strong></span> <span class='ocrx_word' id='word_1_475' title='bbox 874 4583 940 4648; x_wconf 78' lang='lat' dir='ltr'><strong>qrric</strong></span> <span class='ocrx_word' id='word_1_476' title='bbox 957 4585 1083 4651; x_wconf 77' lang='lat' dir='ltr'><strong>sequitur</strong></span> <span class='ocrx_word' id='word_1_477' title='bbox 1100 4587 1250 4637; x_wconf 77' lang='lat' dir='ltr'><strong>atrocitate.</strong></span> 
     </span>
     <span class='ocr_line' id='line_1_52' title="bbox 94 4649 1271 4717; baseline 0.002 -14"><span class='ocrx_word' id='word_1_478' title='bbox 94 4649 141 4703; x_wconf 77' lang='lat' dir='ltr'><strong>cit·</strong></span> <span class='ocrx_word' id='word_1_479' title='bbox 743 4652 852 4717; x_wconf 81' lang='lat' dir='ltr'><strong>abiecte]</strong></span> <span class='ocrx_word' id='word_1_480' title='bbox 876 4650 893 4700; x_wconf 92' lang='lat' dir='ltr'><strong>i.</strong></span> <span class='ocrx_word' id='word_1_481' title='bbox 923 4668 947 4701; x_wconf 91' lang='lat' dir='ltr'><strong>u.</strong></span> <span class='ocrx_word' id='word_1_482' title='bbox 975 4651 1083 4702; x_wconf 79' lang='lat' dir='ltr'><strong>ieviter.</strong></span> <span class='ocrx_word' id='word_1_483' title='bbox 1119 4651 1212 4717; x_wconf 72' lang='lat' dir='ltr'><strong>Atius,</strong></span> <span class='ocrx_word' id='word_1_484' title='bbox 1239 4656 1271 4705; x_wconf 79' lang='lat' dir='ltr'><strong>ui</strong></span> 
     </span>
     <span class='ocr_line' id='line_1_53' title="bbox 128 4714 1269 4786; baseline 0.004 -17"><span class='ocrx_word' id='word_1_485' title='bbox 128 4724 155 4769; x_wconf 89' lang='lat' dir='ltr'><strong>tc</strong></span> <span class='ocrx_word' id='word_1_486' title='bbox 171 4733 257 4768; x_wconf 84' lang='lat' dir='ltr'><strong>cecum</strong></span> <span class='ocrx_word' id='word_1_487' title='bbox 273 4714 409 4785; x_wconf 78' lang='lat' dir='ltr'><strong>negotium</strong></span> <span class='ocrx_word' id='word_1_488' title='bbox 427 4715 531 4785; x_wconf 78' lang='lat' dir='ltr'><strong>ircim]</strong></span> <span class='ocrx_word' id='word_1_489' title='bbox 549 4717 569 4769; x_wconf 86' lang='grc' dir='ltr'><strong>Ι.</strong></span> <span class='ocrx_word' id='word_1_490' title='bbox 585 4734 610 4772; x_wconf 86' lang='lat' dir='ltr'><strong>a.</strong></span> <span class='ocrx_word' id='word_1_491' title='bbox 626 4734 658 4773; x_wconf 78' lang='lat' dir='ltr'><strong>cc</strong></span> <span class='ocrx_word' id='word_1_492' title='bbox 708 4720 781 4786; x_wconf 76' lang='lat' dir='ltr'><strong>apuu</strong></span> <span class='ocrx_word' id='word_1_493' title='bbox 801 4719 858 4769; x_wconf 84' lang='lat' dir='ltr'><strong>Cic.</strong></span> <span class='ocrx_word' id='word_1_494' title='bbox 877 4717 963 4769; x_wconf 75' lang='lat' dir='ltr'><strong>Tune.</strong></span> <span class='ocrx_word' id='word_1_495' title='bbox 982 4718 1024 4784; x_wconf 78' lang='grc' dir='ltr'><strong>ΙΙ,</strong></span> <span class='ocrx_word' id='word_1_496' title='bbox 1042 4722 1092 4784; x_wconf 73' lang='lat'><strong>2³,</strong></span> <span class='ocrx_word' id='word_1_497' title='bbox 1111 4724 1170 4784; x_wconf 67' lang='lat' dir='ltr'><strong>tin,</strong></span> <span class='ocrx_word' id='word_1_498' title='bbox 1193 4719 1269 4773; x_wconf 83' lang='lat' dir='ltr'><strong>idam</strong></span> 
     </span>
     <span class='ocr_line' id='line_1_54' title="bbox 93 4780 961 4852; baseline 0.002 -17"><span class='ocrx_word' id='word_1_499' title='bbox 93 4798 113 4836; x_wconf 83' lang='grc' dir='ltr'>ι</span> <span class='ocrx_word' id='word_1_500' title='bbox 130 4790 159 4835; x_wconf 85' lang='lat' dir='ltr'><strong>ta</strong></span> <span class='ocrx_word' id='word_1_501' title='bbox 176 4782 360 4852; x_wconf 68' lang='lat' dir='ltr'><strong>interrogari.</strong></span> <span class='ocrx_word' id='word_1_502' title='bbox 394 4780 438 4835; x_wconf 84' lang='lat' dir='ltr'><strong>ct.</strong></span> <span class='ocrx_word' id='word_1_503' title='bbox 455 4781 515 4837; x_wconf 83' lang='lat' dir='ltr'><strong>Gic.</strong></span> <span class='ocrx_word' id='word_1_504' title='bbox 536 4784 573 4839; x_wconf 80' lang='lat' dir='ltr'><strong>cd</strong></span> <span class='ocrx_word' id='word_1_505' title='bbox 589 4784 658 4839; x_wconf 75' lang='lat' dir='ltr'><strong>ian.</strong></span> <span class='ocrx_word' id='word_1_506' title='bbox 709 4791 753 4840; x_wconf 80' lang='lat' dir='ltr'><strong>est</strong></span> <span class='ocrx_word' id='word_1_507' title='bbox 769 4800 803 4838; x_wconf 83' lang='lat' dir='ltr'><strong>cc</strong></span> <span class='ocrx_word' id='word_1_508' title='bbox 817 4786 961 4839; x_wconf 71' lang='lat' dir='ltr'><strong>humiliter.</strong></span> 
     </span>
    </p>
   </div>
   <div class='ocr_carea' id='block_1_6' title="bbox 95 4848 1270 4921">
    <p class='ocr_par' dir='ltr' id='par_1_9' title="bbox 95 4848 1270 4921">
     <span class='ocr_line' id='line_1_55' title="bbox 95 4848 1270 4921; baseline 0.004 -19"><span class='ocrx_word' id='word_1_509' title='bbox 95 4848 171 4916; x_wconf 79' lang='lat' dir='ltr'><strong>vni,</strong></span> <span class='ocrx_word' id='word_1_510' title='bbox 186 4854 215 4917; x_wconf 78' lang='grc'><strong>8,</strong></span> <span class='ocrx_word' id='word_1_511' title='bbox 232 4857 258 4906; x_wconf 75' lang='grc'><strong>9.</strong></span> <span class='ocrx_word' id='word_1_512' title='bbox 279 4852 331 4907; x_wconf 78' lang='lat' dir='ltr'><strong>iiic</strong></span> <span class='ocrx_word' id='word_1_513' title='bbox 346 4850 454 4907; x_wconf 68' lang='lat' dir='ltr'><strong>emta·</strong></span> <span class='ocrx_word' id='word_1_514' title='bbox 471 4858 503 4909; x_wconf 76' lang='lat' dir='ltr'><strong>ui</strong></span> <span class='ocrx_word' id='word_1_515' title='bbox 519 4852 657 4907; x_wconf 65' lang='lat' dir='ltr'><strong>mutina·</strong></span> <span class='ocrx_word' id='word_1_516' title='bbox 740 4852 841 4921; x_wconf 65' lang='lat' dir='ltr'><strong>pond]</strong></span> <span class='ocrx_word' id='word_1_517' title='bbox 880 4852 1055 4908; x_wconf 71' lang='lat' dir='ltr'><strong>indicativus</strong></span> <span class='ocrx_word' id='word_1_518' title='bbox 1090 4852 1189 4909; x_wconf 74' lang='lat' dir='ltr'><strong>moriac</strong></span> <span class='ocrx_word' id='word_1_519' title='bbox 1222 4852 1270 4907; x_wconf 75' lang='lat' dir='ltr'><strong>vix</strong></span> 
     </span>
    </p>
   </div>
   <div class='ocr_carea' id='block_1_7' title="bbox 0 0 1411 5242">
    <p class='ocr_par' dir='ltr' id='par_1_10' title="bbox 0 0 1411 5242">
     <span class='ocr_line' id='line_1_56' title="bbox 0 0 1411 5242; baseline 0 0"><span class='ocrx_word' id='word_1_520' title='bbox 0 0 1411 5242; x_wconf 95' lang='lat' dir='ltr'><strong> </strong></span> 
     </span>
    </p>
   </div>
  </div>
 </body>
</html>
