2812 5242
107 144 172 214 530
586 129 796 198 Macuouu

127 309 237 397 upula,
267 321 463 391 quacumque
488 320 554 364 eam
578 299 721 377 verteris,
753 297 868 360 directa
887 295 966 359 liuoa
987 294 1109 360 emicat
1154 296 1191 361 ld
1210 317 1288 362 ocu·

106 334 208 462 harum
236 388 438 456 domesticum
463 383 647 470 prolluvium
671 382 697 446 si
722 379 891 467 reppererit
914 380 945 444 in
973 380 1166 445 circumfuso
1195 382 1289 447 nobis

107 500 177 546 aero
201 478 310 550 lucem,
329 492 383 556 per
404 490 470 533 cam
494 468 632 532 directim
655 468 752 552 pergit
773 465 921 550 quamdiu
940 484 1053 549 corpus
1073 465 1228 531 offendat:
1259 474 1291 531 et

57 565 153 650 {wlsi
176 560 283 626 lucium
307 556 432 621 verteris
454 560 490 616 ut
515 552 757 636 circumspicias,
789 550 956 633 utrobique
981 550 1063 614 acies
1091 550 1216 615 videndi
1244 552 1289 616 di·

108 655 192 713 recta
211 642 356 728 procedit.
401 641 471 724 lpse
490 646 593 700 autern
616 638 724 714 iactus,
745 656 837 734 quom
860 634 994 698 diximus
1014 633 1053 699 de
1075 635 1193 700 nostris
1215 657 1290 701 ocu·

109 733 146 797 lis
167 728 307 803 omicaro,
329 723 476 808 incipiens
491 743 508 785 a
526 722 611 785 tonui
634 721 787 786 radicem
809 740 927 784 summa
950 719 1110 783 datatim:
1136 719 1220 785 sicut
1243 742 1290 786 ra·

109 816 151 881 dii
173 835 189 878 a
212 813 328 898 pictore
351 808 392 871 dn
416 815 524 870 untur:
556 806 624 869 idco
649 825 703 890 per
725 804 963 871 minutissimum
987 802 1122 869 loramcu
1151 812 1290 870 contem-

62 906 101 971 14
111 899 196 986 plans
223 895 333 960 oculus
357 830 441 957 sichel
464 890 538 954 caeli
559 890 809 989 profunditatem.
852 889 936 971 Ergo
957 888 1015 952 tria
1042 888 1098 953 ista
1119 892 1292 955 necessaria

110 983 200 1049 uobis
221 986 294 1045 sunt
316 977 353 1041 ad
377 979 518 1040 effoetum
540 975 677 1039 videndi:
714 975 816 1039 lumen
836 972 919 1057 quod
941 972 979 1038 de
1000 973 1088 1037 nobis
1109 975 1291 1052 emittimus,

110 1075 143 1133 et
164 1074 201 1131 ut
225 1085 276 1129 acr
304 1062 357 1146 qui
378 1060 535 1125 interiacet
558 1059 678 1123 lucidus
696 1059 748 1136 sit,
767 1066 798 1122 et
815 1077 928 1156 corpus
947 1077 1011 1142 quo
1031 1059 1149 1122 offenso
1170 1058 1292 1125 desinat

25 1158 29 1163 ’
112 1151 256 1226 intentio,
313 1166 371 1209 uae
391 1145 415 1208 si
439 1143 554 1208 diutius
582 1152 703 1228 pergat,
736 1151 850 1207 rectam
872 1143 1071 1206 rutentioncm
1093 1142 1205 1208 lassata
1227 1164 1291 1209 non

64 1236 231 1321 lboptinet
257 1168 311 1296 sed
340 1231 432 1294 scissa
455 1229 484 1291 in
513 1227 666 1292 dexteram
694 1228 873 1324 laevamque
901 1226 1091 1290 diffunditur.
1135 1228 1218 1292 Hinc
1245 1238 1292 1294 est

113 1319 212 1406 quod,
242 1317 432 1411 ubicumque
460 1321 609 1377 terrarum
637 1313 773 1389 steteris,
806 1310 917 1375 videris
945 1310 1000 1374 tibi
1030 1309 1184 1395 quandam
1214 1314 1291 1378 caeli

113 1402 339 1469 conclusionem
365 1398 477 1472 videre,
504 1405 535 1460 et
557 1396 616 1461 hoo
637 1405 683 1461 est
726 1397 787 1462 uod
812 1395 1003 1460 horizontem
1025 1404 1140 1460 veteres
1162 1418 1292 1463 rocave-

112 1494 201 1555 runt:
240 1503 373 1568 quorum
409 1481 520 1564 indago
554 1481 682 1546 fideliter
704 1417 912 1566 (deprehendit
944 1479 1088 1544 directam
1119 1481 1158 1545 ab
1190 1484 1291 1548 oculis

114 1570 210 1638 aciem
233 1589 287 1654 per
307 1567 430 1651 planum
454 1573 560 1629 contra
582 1566 799 1650 aspicientibus
821 1586 882 1628 non
911 1583 1035 1648 pergere
1057 1565 1136 1629 ultra
1164 1576 1290 1632 centum

115 1654 271 1738 octogiuta
292 1651 404 1727 stadia,
433 1658 464 1713 et
487 1649 556 1712 indo
582 1650 639 1713 iam
666 1649 827 1715 recurrari.
871 1651 931 1714 Per
946 1651 1074 1735 pionem
1094 1649 1163 1713 ideo
1185 1650 1293 1729 adieci,

117 1740 190 1825 quia
211 1736 386 1801 altitudines
407 1734 582 1818 longissime
607 1735 786 1832 aspicimus,
808 1733 921 1819 quippe
942 1733 995 1817 qui
1017 1741 1048 1797 et
1068 1734 1186 1798 caelum
1208 1736 1292 1800 ride-

68 1823 195 1889 ldmus.
238 1822 266 1886 E
302 1842 321 1884 o
344 1819 476 1884 inomni
499 1818 667 1883 horizontis
686 1820 760 1884 orbo
780 1819 845 1902 ipse
865 1817 918 1901 qui
937 1819 1075 1882 intuetur
1091 1827 1218 1884 centron
1235 1829 1292 1886 est

116 1908 160 1975 Et
182 1841 412 1990 quiardiximus
434 1911 583 1986 quantum
604 1925 621 1966 a
645 1912 752 1969 centro
775 1904 855 1967 acics
877 1923 977 1986 usque
1003 1902 1040 1966 ad
1067 1912 1183 1987 partem
1207 1907 1294 1970 orbis

118 1989 306 2067 extenditur,
342 1988 406 2051 sinc
427 1987 522 2052 dubio
550 1988 580 2050 in
608 1988 766 2053 horizonte
789 1984 958 2072 διάμετρος
978 1987 1063 2052 orbis
1083 1997 1292 2055 trecentorum

182 2180 264 2249 [hirs.
283 2179 387 2233 ursu.

183 2267 223 2315 13.
248 2266 392 2334 geminum
414 2264 494 2316 Sb-e.
528 2265 597 2329 „Ed
621 2271 676 2318 rot.
700 2265 857 2334 genuinum.
893 2263 990 2315 Recto.
1025 2262 1095 2316 Nom
1116 2271 1296 2330 permutatur

118 2347 183 2451 ‘fa
202 2331 995 2453 ”alati,tar‘ul‘fsacrsudecues
1099 2333 1294 2452 leudes

116 2415 324 2518 nasaihunotn
342 2471 412 2528 (om·
429 2416 547 2530 οἰκωφδΙ
583 2470 637 2521 trio
652 2469 704 2519 ists
722 2467 796 2517 nobis
812 2467 961 2515 necessarie
979 2464 1109 2515 r-ss-hl’.
1133 2438 1199 2517 'trio
1218 2468 1295 2520 nohis

116 2534 170 2585 iste
191 2534 339 2583 necessario
357 2532 406 2598 hg.
431 2559 464 2571 -
488 2535 564 2601 quod
584 2537 686 2602 offerrre
702 2533 733 2585 Α.
757 2560 789 2571 -
814 2533 926 2582 intensio
949 2531 1047 2591 (etism
1067 2531 1154 2596 inire)
1173 2550 1232 2599 e-g.
1262 2561 1291 2573 -

116 2600 200 2667 quod
217 2599 241 2648 ei
257 2597 286 2648 S.
302 2623 335 2636 —
352 2600 480 2651 deutrum
497 2600 526 2650 S.
632 2606 670 2651 lb.
695 2600 864 2666 octoogr‘nto
879 2604 967 2649 rl.-
985 2600 1048 2651 inde
1063 2599 1095 2650 in
1115 2601 1219 2651 orbern
1238 2602 1293 2653 inse

117 2681 178 2731 vg.
202 2690 235 2702 -
259 2665 344 2733 longe
365 2665 395 2715 Ρ.
501 2670 541 2717 to.
566 2670 638 2720 ornss'
655 2672 722 2728 (osu.
741 2668 783 2726 in)
802 2665 831 2716 S.
852 2691 883 2703 -
901 2674 1030 2719 centrum
1050 2666 1128 2718 s-bP.
1147 2693 1183 2707 —
1199 2663 1294 2733 ordes-

149 2851 299 2918 prooenire]
335 2848 409 2902 idem
439 2853 515 2903 salet
544 2868 577 2904 ec
608 2855 681 2933 τῇσί
764 2853 877 2920 indago]
903 2851 945 2902 Ul.
967 2851 1031 2901 cod.
1056 2848 1154 2899 lustin.
1174 2848 1224 2910 lv,
1244 2854 1289 2902 111.

116 2932 183 2982 „eor
210 2918 263 2968 ried
289 2918 404 2984 geben.“
446 2919 540 2971 Simili
571 2928 680 2971 rationo
734 2923 772 2971 14.
792 2922 917 2970 maiorem
934 2927 958 2970 et
980 2916 1130 2983 ampliorem
1151 2931 1290 2982 exposcere

115 2981 415 3104 issss⁹⁰20mssss¹⁰mi
434 2988 594 3068 procedendi
616 3004 679 3107 pop!-
729 2988 933 3104 indogqnepp.
965 2982 1222 3101 l’lurdslli'lpqrnerqi
1231 2982 1290 3101 bp'e

671 3092 678 3105 ,
1097 3067 1104 3099 r
1138 3066 1154 3099 u
1227 3088 1233 3101 .
1284 3086 1293 3102 .

116 3065 418 3232 pr]]egapp'„:]⁶¹]l⁶u⁰1
441 3062 484 3104 m
503 3056 576 3120 βω·
619 3072 648 3200 ,Ι
730 3067 1045 3237 Ξξῖςιῖθι.θὲιέ1ἓῖιι1ιὲ
1063 3066 1188 3235 Gellia?
1207 3116 1240 3168 N.
1259 3116 1290 3169 Α.

115 3219 193 3298 llasee¹
219 3253 263 3297 est
286 3187 680 3305 sehidhtieuhelhtdriisfmhc'irll.
730 3225 798 3305 xurr’.
855 3224 863 3249 ⁹
900 3221 907 3236 ¹
955 3200 1093 3238 mmm
1113 3201 1244 3252 pmcn·
1262 3201 1290 3251 P·

135 3330 185 3364 nos
210 3314 243 3363 ud
267 3317 283 3377 S
305 3318 329 3364 3.
354 3315 439 3366 citavi
464 3318 551 3370 locos.
588 3319 679 3371 Etiam
768 3321 818 3370 Per
872 3319 962 3369 lanum
1002 3318 1063 3368 ideo
1104 3317 1201 3384 adieci]
1248 3316 1292 3368 Gi.

115 3331 244 3433 isidorus
263 3381 318 3445 111,
333 3386 358 3447 1,
375 3386 418 3434 36.
441 3384 522 3435 dicit:
553 3388 589 3440 Et
608 3389 681 3438 dictu
731 3336 872 3448 Commi,
887 3390 922 3436 19.
937 3388 1018 3449 ldsq.
1033 3386 1087 3434 Cur
1099 3386 1188 3435 Cicero
1204 3422 1228 3435 ..
1241 3401 1294 3435 nors

116 3449 230 3511 lumino,
244 3450 314 3516 quod
332 3468 363 3502 er
383 3451 420 3501 eir
438 3451 542 3502 lumen
558 3461 680 3506 manat.
731 3455 842 3519 abrupte
859 3452 972 3502 medium
985 3451 1065 3502 solem
1082 3450 1128 3500 sed
1142 3453 1220 3513 sere
1238 3467 1293 3500 me·

154 3515 272 3567 directim
301 3516 344 3568 01.
364 3534 387 3567 c.
408 3517 476 3582 iz]
497 3520 538 3569 35.
732 3522 804 3571 dium
827 3520 935 3570 dixerit:
954 3555 977 3569 ..
997 3519 1112 3568 sednon
1134 3525 1212 3568 ourot
1236 3518 1292 3567 ed·

115 3584 301 3700 v·]u⁰m]uuq
319 3585 392 3699 igern
416 3584 584 3704 ru'lrtmqnppl
610 3587 681 3637 dum.
731 3585 1293 3714 ipc2t2io4quudpponunttintiofitempepntsrr,

139 3665 283 3700 r.no.u
334 3668 465 3713 eornm,
580 3690 587 3705 .
729 3670 744 3704 e
859 3670 878 3701 ,ι
954 3668 1094 3702 reerrrn
1119 3667 1227 3700 mser.

150 3716 178 3764 in
198 3717 309 3784 somma]
330 3719 349 3768 1.
368 3735 392 3768 e.
410 3717 438 3769 in
455 3691 527 3770 line?
766 3691 819 3769 to.'
845 3718 962 3784 centron]
996 3716 1125 3767 Formam
1153 3717 1292 3768 Grueesru

150 3783 219 3831 coeli
251 3784 473 3850 profunditatem]
509 3784 556 3836 Sic
592 3784 677 3835 etiam
729 3787 813 3836 stiam
834 3785 861 3836 in
881 3785 1036 3835 Cranrmerrt.
1055 3783 1082 3834 ln
1103 3784 1199 3834 Somn.
1217 3785 1292 3846 scip.

115 3845 254 3913 Virgilius
273 3850 371 3915 Eclog.
393 3850 443 3914 ll',
460 3855 503 3901 51.
525 3859 554 3901 et
571 3851 677 3916 Goorg·
728 3853 800 3904 locis
819 3851 962 3917 plerisque
980 3859 1093 3901 tuentur
1108 3851 1231 3901 codices.
1250 3851 1293 3901 01.

118 3912 164 3970 lv,
181 3915 241 3962 222.
261 3915 330 3966 dicit
348 3918 448 3968 coelum
463 3918 633 3985 profundum.
730 3919 769 3970 ih.
789 3919 884 3983 me,
903 3923 928 3968 3.
965 3917 1036 3968 lbid.
1063 3916 1090 3976 l,
1109 3921 1158 3978 20,
1181 3920 1220 3968 lt.
1248 3917 1293 3970 rel

149 3979 184 4026 14
231 3986 320 4030 utoer
336 4019 358 4031 ..
375 3983 479 4035 lucidus
494 3985 540 4051 rit]
559 3984 620 4034 lloc
636 3983 680 4035 iu·
729 3993 828 4038 oontre
853 3986 979 4036 codicum
1003 4001 1070 4034 mss.
1095 3985 1294 4037 auctoritatem

115 4042 206 4096 cisum
230 4048 380 4111 respondet
405 4052 563 4102 nominihus
590 4053 678 4102 lumen
730 4070 790 4104 oum
811 4051 910 4114 orriri,
934 4053 1006 4116 quod
1025 4051 1137 4116 quidcrn
1157 4069 1231 4103 nunc
1250 4067 1295 4103 me

115 4118 143 4162 et
166 4129 270 4178 eorpus.
308 4114 422 4166 Poterat
443 4117 515 4168 dici:
543 4118 677 4170 nerluci-
727 4136 781 4170 non
804 4119 1046 4170 iecissomnllern.

116 4179 176 4243 ‘¹¹¹⁸’
196 4181 242 4246 qus·
261 4181 408 4233 interiacet.
763 4195 891 4253 quantum
911 4223 935 4236 ..
952 4181 1112 4250 extenditur]
1127 4183 1147 4234 i·
1164 4201 1188 4236 e.
1205 4200 1295 4250 quun·

148 4246 242 4312 seisso]
262 4247 304 4299 cl.
323 4248 336 4314 5
354 4251 379 4298 2.
730 4256 775 4303 tus
801 4253 839 4304 sit
866 4250 1022 4304 horizontis
1045 4250 1150 4302 rudius.
1186 4251 1228 4303 Do
1252 4251 1296 4303 iu-

155 4315 193 4361 lo.
243 4315 413 4381 horizontem]
453 4316 494 4368 us
532 4317 588 4366 lroo
621 4314 678 4367 rid.
730 4318 853 4370 dientiro
872 4320 928 4371 rid.
946 4326 1002 4370 not.
1022 4318 1056 4369 ed
1077 4321 1093 4380 ς
1111 4323 1138 4367 s.

113 4374 268 4443 comuml,
288 4384 334 4442 lb,
357 4386 385 4432 11
404 4399 479 4448 sqq,
517 4383 563 4434 ubl
591 4385 607 4447 S
637 4386 679 4447 18,
764 4387 821 4437 sine
855 4385 945 4451 dubio]
982 4384 1113 4452 qnoniam
1149 4379 1295 4450 διάμετρος

112 4439 189 4495 usn
208 4443 236 4494 el
257 4445 392 4499 tribuitur
409 4448 542 4514 spatium.
731 4466 781 4519 per
798 4459 843 4504 ost
859 4452 1002 4519 duplicato
1021 4450 1109 4504 radio.
