2812 5242
173 114 240 183 298
643 111 852 177 Macuouu

173 286 200 351 si
221 284 311 349 sciret
328 290 450 347 taurum
471 277 622 345 immutari
638 277 710 343 buie
729 279 788 343 duo
805 277 946 357 vetitum,
963 288 1017 346 aut
1038 280 1062 344 si
1082 280 1239 347 didicisset
1257 285 1342 368 quod

174 370 295 435 Atteius
327 366 436 465 Capito
465 362 706 449 conprehendit?
754 363 850 429 Cuius
882 365 972 429 rerba
1004 386 1040 429 ex
1070 365 1146 430 libro
1179 365 1277 451 prirno
1304 369 1343 432 de

173 455 240 519 iure
259 452 476 517 sacrificiorum
496 449 571 513 haec
593 456 678 511 sunt:
699 449 804 535 Itaque
824 450 894 515 Iovi
910 462 998 515 tauro
1018 473 1104 515 verre
1124 454 1217 516 ariete
1239 455 1341 519 immo-

144 542 235 605 4luri
254 538 409 603 nonlicet.
449 535 550 599 Labeo
572 553 643 597 vcro
664 533 851 617 sexagesimo
874 544 905 599 ot
925 544 1032 601 octavo
1053 536 1130 601 libro
1158 536 1260 600 intulit
1283 540 1346 603 nabr'

171 626 309 712 Neptuno
336 622 470 708 Apollini
494 632 520 685 et
544 621 640 685 Marti
660 632 782 685 tororum
807 642 869 685 noo
894 621 1053 685 conorari.
1099 622 1181 687 Ecce
1207 622 1342 707 pontifex

172 716 245 774 tuus
262 707 335 794 quid
357 706 437 790 apud
460 724 537 790 quas
556 724 624 768 aras
645 712 793 769 mactetur
816 704 944 788 ignorat,
964 727 1032 771 cum
1052 706 1097 771 vei
1117 706 1248 771 aedituis
1269 706 1344 772 bace

143 798 246 863 dnota
265 794 326 859 sint
348 799 380 856 et
403 800 538 856 veterum
561 810 623 853 nou
643 788 772 853 tacuerit
793 788 950 853 industria.
998 791 1046 856 Ad
1070 790 1144 855 haec
1166 792 1342 857 Praetexta-

170 888 221 945 tus
239 878 393 944 renidens:
415 876 537 955 Quibus
557 874 683 938 deorum
702 882 790 938 tauro
811 874 995 951 immutetur,
1016 876 1040 939 si
1061 876 1105 941 ris
1127 898 1197 943 curu
1214 877 1341 962 Virgilio

171 963 412 1037 communicare,
439 960 505 1045 ipse
523 967 554 1023 te
577 957 714 1023 docebit:

302 1049 436 1111 Taurum
457 1046 609 1129 Neptuno,
630 1044 838 1118 teotmelli,
858 1044 984 1129 pnlclrer
1000 1045 1116 1132 Apollo.

143 1133 266 1201 uvidas
294 1132 324 1194 in
350 1148 443 1214 opere
468 1136 577 1212 pootau
597 1126 688 1192 verba
707 1127 881 1193 Labeonis?
921 1128 1017 1211 igitur
1040 1139 1077 1194 ut
1099 1130 1157 1195 hoc
1183 1129 1272 1195 docte
1300 1131 1341 1195 ita

172 1216 246 1281 iliud
266 1222 380 1299 argute.
419 1214 497 1278 Nam
522 1211 656 1277 ostendit
675 1211 734 1277 deo
755 1234 817 1276 non
841 1213 958 1278 litatum
981 1214 1051 1281 ideo
1071 1225 1210 1281 secutum

299 1299 491 1365 Horrendum
510 1297 591 1361 dictu
611 1310 638 1361 et
658 1299 725 1362 orsu
743 1299 879 1363 merobale
899 1312 1072 1365 morretrum.

144 1386 254 1471 'lErgo
274 1383 438 1470 respiciens
460 1382 497 1446 ad
524 1380 626 1445 lutura
653 1381 784 1447 bostiam
805 1384 986 1448 contrariam
1010 1383 1088 1449 iecit
1139 1384 1199 1451 Sed
1227 1394 1258 1449 ot
1284 1407 1339 1449 no·

171 1479 255 1537 verat
275 1470 358 1536 buno
380 1488 512 1533 errorem
536 1487 598 1531 non
621 1486 688 1530 asse
708 1466 928 1551 inexpiabilem.
971 1470 1093 1534 Atteius
1115 1470 1195 1535 eninr
1220 1470 1341 1554 Capito,

170 1576 262 1641 quern
283 1555 315 1619 in
335 1554 400 1619 auio
419 1561 525 1617 contra
546 1552 704 1616 Maronem
724 1551 846 1628 locasti,
865 1552 976 1619 adiecit
995 1555 1070 1619 baeu
1093 1555 1197 1619 acrba:
1215 1556 1254 1621 Sl
1273 1558 1339 1642 quir

166 1644 245 1727 sorte
265 1653 353 1706 tauro
377 1639 446 1703 Ioui
461 1639 571 1723 secerd,
592 1637 747 1722 procedam
765 1637 842 1701 doto.
886 1638 1097 1704 Committitur
1116 1660 1189 1724 orgo
1209 1661 1257 1705 res
1275 1662 1338 1705 non

170 1726 292 1811 quidem
319 1721 475 1809 inpianda,
503 1720 624 1786 insolita
645 1730 762 1785 umen:
795 1731 826 1785 ot
852 1724 1053 1789 committitur
1072 1747 1134 1791 non
1157 1725 1337 1807 ignorantia,

170 1811 224 1875 sed
240 1820 276 1875 ut
297 1810 398 1874 louurn
424 1815 562 1872 monstro
580 1806 693 1872 luceret
715 1814 869 1873 secuturo.

237 1980 315 2047 [nae.
337 1978 465 2031 naurs

168 2062 285 2129 litatem]
311 2066 377 2113 Aen.
395 2062 451 2127 ΙΙΙ,
468 2066 518 2113 21?
540 2089 574 2102 -
601 2069 707 2115 warum
726 2060 919 2129 BGSr-gfflt
938 2064 1221 2126 aeec.m.)di21'‘zd.
1256 2074 1338 2117 tauro

167 2130 330 2197 deterruit
347 2146 365 2182 ι
383 2148 409 2196 p.
423 2130 579 2191 m.)M3P5.
607 2156 639 2169 -·
665 2132 690 2181 ei
711 2131 991 2198 eomprehendieeet
1008 2130 1083 2179 Pe-e.
1104 2131 1174 2193 „Ed
1192 2134 1336 2184 188.ἁίᾰί-

166 2200 251 2251 eieret.
287 2199 367 2264 Quod
387 2197 602 2264 praeterendum
621 2196 732 2250 ridetur
753 2207 900 2265 propterea
917 2200 989 2262 quud
1007 2197 1102 2248 atatim
1123 2199 1250 2264 renuitur
1266 2218 1337 2251 com·

166 2267 314 2335 prehendit.
350 2266 419 2317 Nam
439 2273 549 2330 noster,
575 2260 780 2333 ut‘aliquotiee
798 2265 969 2323 monuimus,
998 2265 1090 2317 erudio
1110 2268 1335 2319 romruutatedi-

168 2334 250 2387 cendi
268 2333 392 2386 trabitur
409 2333 659 2385 manime.“Zeun.
760 2337 785 2384 4.
813 2332 990 2399 immeritgin
1010 2350 1065 2399 mg.
1085 2362 1113 2371 -
1134 2336 1244 2400 quidem
1262 2336 1337 2402 apud

169 2419 196 2453 v·
289 2405 307 2451 b
338 2402 487 2452 immoletur
505 2400 679 2467 touroSr-p.
715 2408 818 2451 tourur
835 2402 982 2451 immoletur
999 2401 1023 2450 (i
1043 2400 1070 2451 in
1087 2418 1156 2468 mg„
1172 2403 1219 2452 ubi
1237 2403 1335 2469 legun-

168 2467 336 2520 turnnrieea
356 2468 523 2517 rerbaboee
541 2502 566 2517 ..
584 2469 670 2517 eiolr.
704 2494 730 2503 -
758 2466 884 2532 Taurum]
903 2466 1036 2523 Aemili,
1057 2472 1112 2517 rra.
1214 2473 1239 2520 6.
1268 2470 1336 2521 ideo

166 2553 220 2587 mon
235 2534 305 2583 Mer.
323 2548 382 2586 v·2·
411 2560 438 2569 -
466 2534 517 2583 deo
537 2533 564 2579 b·
596 2558 621 2566 -
653 2532 828 2597 llorrerrdum]
858 2535 924 2582 deu.
944 2533 999 2595 ill,
1018 2539 1060 2585 26.
1088 2562 1120 2573 -
1146 2544 1171 2587 et
1198 2538 1269 2589 dictu
1294 2540 1337 2589 oi·

166 2602 224 2655 eleo
244 2600 321 2665 virg.
348 2600 369 2650 Ι.
397 2614 420 2646 c.
521 2602 546 2644 l.
575 2611 630 2644 erre
655 2614 707 2647 more
732 2598 897 2675 expiabitem
924 2606 999 2664 (sup.
1026 2602 1090 2651 edd.
1114 2603 1156 2661 in)
1185 2603 1218 2653 (i.
1250 2634 1281 2643 -
1307 2606 1335 2656 ire

167 2670 254 2719 uelem
273 2666 302 2717 S·
327 2692 361 2705 -
382 2671 460 2715 tauro
481 2662 551 2723 (om.
568 2661 640 2723 loni)
658 2678 684 2711 u.
720 2663 776 2712 loor
792 2670 870 2714 tauro
888 2664 942 2732 i-g.
967 2692 999 2703 —
1024 2669 1160 2732 piaculum
1180 2680 1248 2723 esto
1266 2672 1286 2725 S
1301 2678 1336 2739 (g

166 2734 195 2787 ie
213 2738 296 2801 urg-b
314 2758 348 2769 -
365 2737 479 2782 monetro
497 2728 581 2779 locum
599 2743 660 2795 r-g.
680 2756 711 2767 -
727 2732 831 2793 saturo
849 2729 887 2781 Μ.

168 2906 259 2976 prime
277 2904 350 2959 etin
368 2905 439 2956 Gau.
457 2920 472 2955 a
490 2903 613 2956 racundo
631 2919 724 2969 manu,
808 2909 834 2955 o.
870 2905 918 2956 ‹leo
934 2922 986 2955 noo
1004 2904 1121 2969 litatum]
1138 2903 1208 2955 Cum
1225 2906 1335 2960 editore

167 2973 293 3029 aditum?
775 2971 938 3038 Bipontino‚
971 2988 1052 3037 qrreeu
1085 2971 1186 3022 urerito
1215 2973 1336 3029 offendit

200 3046 225 3093 3.
261 3043 286 3093 ei
301 3041 378 3093 eoiret
394 3046 500 3090 taurum
517 3038 649 3091 immolari
664 3039 725 3091 lueie
775 3041 846 3106 quod
863 3040 948 3106 vulgo
963 3039 1069 3106 iegitur
1084 3039 1185 3107 duplex
1205 3041 1273 3105 ideo,
1291 3045 1334 3097 eie

167 3110 216 3163 deo
231 3108 350 3189 uetitum)
365 3106 407 3156 cl.
418 3105 498 3157 Serv.
514 3106 547 3157 ad
560 3106 589 3157 h.
600 3106 676 3174 b'irp.
692 3108 724 3157 l.=
775 3107 890 3173 eeripei:
905 3122 966 3158 narn
986 3113 1016 3157 ut
1028 3107 1158 3157 absolute
1171 3108 1226 3159 dici
1242 3119 1335 3176 potent

171 3180 270 3229 Contra
288 3183 417 3227 rotronem
439 3174 496 3225 lovi
517 3182 622 3225 taurum
639 3176 724 3226 rueri-
774 3176 862 3238 litori,
894 3176 933 3227 itu
953 3173 1017 3225 addi
1043 3183 1135 3239 potent
1156 3176 1269 3230 datiane
1286 3197 1332 3231 cu-

159 3246 287 3311 ficat...
310 3243 409 3308 Ubique
426 3242 494 3291 enlm
515 3242 571 3292 lour'
588 3243 724 3293 iuuencum
775 3259 830 3295 rue,
882 3241 925 3293 Gt.
954 3240 1013 3291 cie.
1041 3242 1102 3293 btv.
1134 3242 1175 3307 ll,
1204 3249 1248 3305 11,
1276 3249 1332 3297 38.

165 3310 191 3362 le
217 3310 463 3369 'muelmmolutum,
480 3307 722 3369 saturamur.
778 3309 867 3375 Quid?
895 3327 972 3377 quum
994 3310 1115 3375 pluribus
1136 3312 1190 3361 aliie
1213 3313 1332 3365 immolo-

167 3327 294 3441 ufer„
315 3373 586 3435 ravennatum.
607 3378 676 3428 lt'um
696 3378 724 3427 im
774 3385 831 3437 tur,
861 3379 906 3443 qui
930 3379 1037 3427 tandem
1061 3378 1161 3441 euenit,
1192 3387 1220 3430 ut
1243 3381 1333 3433 litetur

165 3444 507 3497 victimiretiomoetoeest
523 3444 724 3497 conrldmrerla.
775 3444 877 3508 aliie,
902 3445 984 3495 aliie
1006 3462 1059 3495 noa
1079 3444 1188 3497 litetur?
1214 3453 1242 3497 et
1259 3449 1331 3500 rue.

166 3540 198 3551 -
222 3512 361 3574 Taurum,
378 3508 539 3561 accusativo
557 3526 634 3575 curu,
651 3510 723 3579 iegi—
774 3510 808 3563 Ν.
827 3510 862 3561 u.
880 3510 918 3573 x,
938 3516 981 3561 28.
999 3529 1022 3561 ι.
1040 3514 1082 3561 to.
1110 3514 1215 3565 litatum
1239 3523 1277 3567 ert
1303 3516 1332 3568 ei

166 3579 312 3632 lutetiam
331 3577 404 3629 inire
422 3579 439 3640 ς
456 3579 479 3626 4.
498 3584 527 3628 et
545 3594 568 3627 e.
587 3581 658 3644 ut,
673 3579 722 3631 eed
773 3579 845 3631 deo:
863 3577 993 3630 Ceterum
1016 3581 1088 3630 coni.
1106 3597 1128 3629 c.
1147 3583 1173 3629 ⁶.
1190 3580 1203 3643 ὁ
1219 3583 1245 3630 t.

165 3646 194 3699 iu
211 3645 358 3713 Capitonis
374 3643 469 3696 verbio
487 3651 515 3694 et
532 3646 548 3707 5
566 3648 592 3695 5.
610 3655 701 3698 tauro.
807 3645 877 3712 ideo]
899 3645 917 3697 i.
935 3663 959 3697 a.
979 3647 1014 3697 ob
1032 3646 1060 3697 id
1079 3646 1189 3711 iprum,
1209 3651 1238 3695 ut
1256 3645 1330 3697 iudi-

197 3717 223 3764 4.
257 3714 360 3781 intulit]
383 3712 426 3765 (ll.
444 3729 467 3763 e.
490 3715 511 3763 1.
528 3714 541 3777 i
558 3715 583 3763 8.
611 3715 651 3766 itu
675 3715 721 3765 ire·
773 3719 885 3765 caretur
902 3714 955 3765 deo
969 3730 1023 3765 nou
1041 3729 1108 3783 oeae
1121 3711 1242 3762 litatum.

161 3782 238 3841 {erl-
806 3788 921 3831 reectum
938 3818 961 3831 ..
981 3779 1134 3843 monstrum]
1162 3779 1240 3829 ilaec
1264 3787 1330 3831 eunt

201 3848 269 3897 Ecce
284 3849 407 3913 pontifex
430 3847 501 3913 taur]
525 3844 567 3897 Gi.
589 3847 720 3915 prolopg.
773 3844 920 3914 iungenda.
980 3846 1059 3897 conl.
1101 3844 1185 3897 huius
1228 3846 1330 3913 capitio

165 3929 191 3979 p.
209 3928 265 3962 ιιι.
282 3921 310 3963 et
327 3916 348 3975 Ι,
365 3916 408 3970 24,
430 3918 469 3965 16.
772 3912 857 3965 linem
878 3922 906 3965 et
929 3914 1073 3981 eeqrrentie
1094 3913 1277 3982 principium,
1302 3920 1331 3967 et

198 3985 224 4029 et
242 4014 266 4027 ..
283 3996 337 4030 noo
356 3980 480 4047 tacuerit]
501 3979 520 4031 i·
537 3995 561 4030 e.
579 3996 669 4045 neque
688 3996 721 4031 aa
772 3979 901 4031 Servium
919 3981 966 4046 qui
985 3982 1005 4031 Ι.
1023 3999 1062 4033 e.=
1082 3982 1164 4043 Adeo,
1182 3980 1288 4049 inquit,
1305 3990 1330 4035 et

164 4043 296 4095 tacuerit.
772 4046 834 4099 bino
864 4055 973 4113 putetur
1014 4049 1221 4101 uulneratum
1261 4066 1329 4102 eure

198 4116 223 4162 8.
247 4113 290 4164 Aa
304 4110 369 4161 beree
385 4148 409 4161 ..
425 4112 557 4179 renidens]
572 4112 617 4163 Gi.
630 4112 653 4171 1,
661 4113 688 4175 l,
696 4116 721 4163 d.
770 4115 974 4182 prodigium.
996 4114 1055 4165 Non
1070 4123 1145 4166 recte
1159 4134 1228 4185 ergo
1242 4118 1328 4184 vulgo

198 4180 223 4230 ei
244 4180 285 4231 eie
307 4194 364 4229 eum
385 4178 499 4259 Virgilio
520 4180 720 4246 communicare]
771 4180 883 4261 ponitur
907 4183 986 4235 colon
1010 4190 1074 4248 poet
1093 4193 1223 4249 reectum,
1248 4182 1328 4249 queri

164 4246 254 4311 „Prae
271 4245 297 4297 ei
312 4244 459 4313 uvirgilro
472 4245 581 4297 diruere
594 4246 721 4310 cupies.“
771 4248 845 4300 edem
861 4249 955 4301 valeat
974 4256 1059 4315 atque
1079 4266 1111 4301 ea
1128 4268 1196 4317 puae
1214 4268 1328 4319 requam-

163 4314 253 4367 Pone.
279 4338 312 4352 -
336 4310 379 4364 (ll.
407 4330 430 4364 e.
455 4318 480 4364 u.
507 4316 524 4377 S
547 4318 573 4365 8.
606 4311 720 4379 Virgilii
770 4323 822 4368 tur.

162 4378 238 4433 leuno
253 4396 364 4433 verram
377 4380 538 4434 Macrobius
554 4395 722 4433 commemo·
804 4382 918 4434 haiam
936 4383 1097 4436 eontrarium
1115 4382 1194 4447 serit]
1219 4379 1328 4435 Intelli-

82 4448 310 4640 qu
327 4448 358 4512 V,
376 4450 474 4512 18,11.
771 4464 840 4517 gere
856 4448 1050 4503 immolantem
1069 4455 1161 4515 poete.
