2812 5242
304 452 667 521 SATURNALIORUM
689 453 767 520 Llli.
791 457 860 521 Vll.
888 454 980 522 cal).
1001 455 1072 521 ΧΗ.
1207 460 1271 527 615

97 626 193 690 lervet
216 643 308 707 quam
331 631 366 686 ut
387 621 502 686 diutius
526 621 627 687 mandi
691 622 763 698 seit,
791 622 872 687 illico
894 623 1093 703 devoramus,
1118 635 1269 694 ettamen

97 711 182 776 alvus
202 730 264 772 non
286 707 456 793 perniciose
472 708 593 771 uritur?
637 708 680 772 lst
697 708 765 773 ille:
785 708 953 773 intestinus
971 710 1054 774 calor
1075 711 1129 796 qui
1150 711 1181 775 in
1201 713 1318 780 alv023

98 802 159 870 cst,
182 792 270 890 quasi
293 792 390 856 multo
412 792 510 856 maior
532 792 815 876 vehementiorque‚
840 792 986 878 quicquid
1009 794 1141 861 calidum
1160 797 1270 882 accipit

97 877 306 964 magnitudine
330 898 385 941 sna
403 876 604 941 circumvenit
622 899 657 942 ac
674 877 820 942 debilitat
864 877 938 943 ldeo
960 887 1108 963 praestat,
1141 880 1165 945 si
1194 881 1269 965 quid

97 964 142 1028 ori
167 962 314 1026 fervidum
335 960 520 1037 admoveris,
543 983 620 1038 non,
645 970 681 1026 ut
701 961 826 1047 quidam
853 962 984 1040 iaciunt,
1005 963 1105 1039 hiare,
1127 985 1165 1029 ne
1188 987 1267 1031 noro

95 1048 204 1134 spiritu
225 1046 335 1111 lerrori
356 1046 433 1110 vires
452 1046 619 1123 ministres,
649 1046 703 1112 sed
724 1047 877 1144 paulisper
895 1047 979 1112 labra
997 1049 1200 1134 conprimere,
1233 1058 1269 1115 ut

96 1133 193 1198 maior
213 1131 311 1207 calor,
334 1132 387 1216 qui
410 1130 449 1194 de
470 1139 575 1196 ventre
595 1131 686 1196 etiam
707 1132 755 1195 ori
777 1132 955 1215 opitulatur,
977 1133 1149 1217 conprimat
1169 1134 1266 1199 mino·

96 1239 160 1282 rem
184 1218 326 1281 calorem.
369 1216 481 1281 Manus
502 1225 619 1291 autem,
642 1225 677 1280 ut
693 1236 758 1281 ram
780 1214 923 1280 fervidam
948 1215 1027 1281 ferre
1050 1220 1159 1303 possit,
1182 1219 1266 1284 nullo

97 1302 221 1387 proprio
245 1301 365 1367 iuvatur
384 1302 494 1364 calore
537 1299 732 1378 lamiludum,
762 1299 863 1385 inquit
883 1301 1030 1377 Avienus,
1053 1323 1143 1367 nosse
1160 1303 1316 1382 baveoffil

97 1408 153 1451 cur
175 1406 256 1470 aqua
277 1405 356 1471 quae
377 1385 478 1450 obsita
497 1385 596 1468 globis
616 1384 731 1450 nivium
755 1384 930 1470 perducitur
952 1385 991 1450 ad
1015 1386 1142 1452 nivalem
1166 1389 1315 1476 rigo-poss]

96 1492 161 1536 rem
184 1470 285 1534 minus
311 1469 342 1533 in
360 1478 437 1554 potu
457 1469 548 1534 noxia
570 1479 632 1546 est,
660 1490 752 1554 quam
775 1490 811 1534 ex
834 1469 898 1554 ipsa
921 1469 1089 1556 niveaque
1110 1472 1266 1539 resoluta?

97 1556 219 1622 Scimus
236 1554 317 1619 enim
337 1562 414 1638 quot
437 1562 631 1638 quantaeque
653 1574 751 1618 noxae
774 1561 865 1640 epoto
888 1554 965 1618 nivis
986 1555 1115 1621 bumore
1139 1577 1265 1622 nascan-

95 1650 155 1706 tur.
198 1641 240 1704 Et
264 1639 418 1704 Diaarius:
451 1638 542 1704 Addo
571 1639 611 1703 ali
635 1638 687 1703 uid
712 1659 730 1703 a
759 1647 791 1703 tc
812 1639 967 1735 quaesitis.
1011 1645 1101 1725 Aqua
1127 1642 1207 1706 enim
1229 1642 1316 1708 exta

95 1726 166 1790 nive
188 1724 338 1800 resoluta,
358 1724 475 1788 etiamsi
496 1723 567 1807 igne
583 1659 701 1788 calefiat
722 1732 753 1789 et
772 1723 867 1788 calida
891 1724 1029 1800 bibatur,
1054 1745 1151 1808 aeque
1174 1727 1266 1794 noxia

94 1818 143 1875 est
169 1829 204 1874 ac
233 1809 258 1874 si
284 1817 375 1894 epota
401 1808 442 1873 sit
468 1807 584 1893 frigida.
627 1808 711 1892 Ergo
739 1829 801 1873 non
826 1808 892 1872 solo
910 1809 1020 1892 rigore
1051 1809 1157 1874 nivalis
1183 1831 1265 1894 aqua

94 1894 264 1981 perniciosa
285 1901 345 1972 est,
373 1893 426 1958 secl
449 1893 490 1958 ob
516 1893 604 1957 aliam
627 1913 764 1969 causam,
800 1913 891 1977 quam
919 1915 981 1958 non
1005 1893 1121 1978 pigebit
1147 1897 1266 1978 aperire

93 1989 220 2045 auctore
242 1979 408 2045 Aristotele
437 1977 491 2064 qui
519 1977 550 2042 in
573 1977 705 2064 physicis
726 1977 957 2075 quaestionibus
977 1978 1040 2041 suis
1062 1977 1140 2043 banc
1160 1981 1265 2064 posuit

94 2072 126 2129 et
147 2065 179 2129 in
199 2063 282 2129 bunc
302 2083 435 2139 sensum,
456 2062 487 2127 ni
508 2061 605 2140 fallor,
627 2061 765 2128 absolvit.
811 2062 918 2127 Omnis
936 2085 1025 2148 equo,
1049 2062 1158 2147 inquit,
1178 2063 1314 2130 emata

93 2151 128 2214 iis
147 2172 179 2214 se
194 2151 274 2214 casa
293 2150 462 2214 tmnsieimi
474 2151 646 2234 portionem
665 2168 724 2235 qao
745 2149 887 2212 solmeria
908 2159 962 2223 eet,
982 2147 1067 2212 lebet
1093 2160 1119 2212 et
1136 2159 1264 2215 terream

90 2238 201 2321 [aecem
221 2257 282 2321 qao
301 2247 342 2299 ert
361 2233 534 2320 corpulento
551 2245 620 2319 post
637 2245 758 2298 morsa
803 2232 876 2297 Casta
902 2253 971 2318 erqo
999 2233 1080 2298 nerii
1096 2236 1211 2319 [rapere
1236 2244 1265 2300 et

889 2438 960 2489 Edit.
978 2438 1194 2507 ricabgspdab.]

93 2523 186 2575 manili
201 2521 281 2574 s·lrl’.
383 2524 427 2572 πθ.
452 2521 633 2574 devenisset
651 2538 741 2574 orer.
763 2550 796 2562 -
820 2523 931 2574 calorem
948 2523 1072 2572 minorem
1088 2522 1117 2573 S.
1220 2525 1263 2575 24.

92 2592 176 2643 laureo
194 2589 283 2655 llspd·
317 2587 408 2640 babeo
426 2588 458 2639 Α.
493 2606 558 2641 avec
576 2588 716 2653 vsgsbrs.
738 2616 770 2627 -
794 2606 840 2641 eur
858 2606 928 2655 aqua
944 2588 1007 2654 cet]
1026 2586 1068 2639 Cl.
1089 2587 1164 2641 Geli.
1180 2586 1214 2641 Ν.
1232 2587 1262 2640 Δ.

93 2657 332 2722 lllll.b‚bsqq.
362 2681 393 2694 -
423 2657 524 2708 sivisse
548 2654 749 2724 ASricstgln
768 2657 942 2724 1113.)le
973 2655 1052 2707 ceal.
1071 2655 1175 2707 Menas.
1209 2673 1262 2708 aa·

91 2727 168 2778 biam
187 2723 323 2775 b-bllPE.
341 2721 384 2774 Gi.
399 2722 421 2787 l,
436 2727 475 2781 ta.
492 2726 529 2773 14.
555 2723 655 2786 ‚,llaec
668 2739 777 2790 quoquo
792 2723 897 2790 scripta
912 2722 1006 2784 lectio,
1019 2738 1071 2774 nan
1084 2722 1202 2774 niniam.
1227 2722 1264 2774 Et

93 2793 223 2844 virleatar
242 2791 281 2842 ita
301 2790 393 2841 airam
415 2789 507 2854 rigide
530 2791 708 2843 consolatam
736 2791 848 2858 proprie
868 2791 1038 2858 appellasse.
1071 2788 1265 2842 Sammonicus

92 2859 229 2912 Serenus:
253 2859 358 2910 Desinet
375 2860 474 2909 interes
491 2858 638 2926 glomerari
653 2861 779 2924 sarreia
799 2859 908 2911 nabes.
943 2858 980 2910 Es
998 2857 1071 2910 adde
1090 2857 1203 2923 proprie
1215 2857 1263 2909 Si·

92 2926 169 2979 dsnil
189 2926 280 2993 Apoll.
301 2926 386 2976 rerba
404 2941 438 2976 ex
458 2925 506 2977 lib.
525 2924 561 2975 ll.
580 2942 624 2991 ep.
642 2928 668 2977 2
693 2926 828 2978 Nioaliam
851 2926 971 2979 maculas
993 2933 1019 2979 et
1033 2927 1128 2992 srusta
1148 2926 1261 2976 nebulu-

91 3012 165 3058 nm,
194 2994 241 3045 ubi
262 2995 355 3057 frasta
377 2993 532 3044 nebularum
553 2990 627 3043 ldein
652 2999 749 3045 natast
770 2995 842 3059 qnod
866 2992 1010 3047 Macrobio
1034 2993 1109 3062 globi
1129 2992 1261 3044 niciam.“

91 3063 217 3114 Pent-
234 3061 322 3112 asiaca
340 3059 443 3127 p-bPS.
479 3077 542 3111 nea
562 3061 649 3112 missar
664 3060 772 3113 Alie-s.
795 3061 939 3125 „Primam
959 3060 1108 3111 dietloaens
1124 3065 1205 3119 (ιιι)
1217 3059 1261 3110 vel

92 3129 196 3180 Mureti
215 3127 282 3181 libri
300 3127 354 3179 liele
369 3126 611 3180 eliminavimus-‘⁸
631 3126 711 3181 Poat.
731 3156 755 3166 -
774 3130 855 3181 noxia
873 3129 901 3181 iss
917 3134 983 3194 pots
1000 3125 1030 3176 ll.
1118 3128 1160 3174 2⁵.
1180 3126 1263 3176 Adde

92 3213 117 3248 ι.
134 3223 169 3236 -
186 3206 257 3251 sate
270 3197 397 3264 quaesitis
414 3195 519 3263 Ass-g.
535 3223 566 3235 -
585 3196 648 3249 nisi
657 3196 747 3262 Jsllor
766 3212 825 3262 e-g.
919 3197 962 3243 26.
986 3190 1105 3244 calescit
1124 3190 1207 3258 lta-g.
1227 3219 1261 3231 -

94 3382 134 3430 lb.
155 3381 204 3431 list
221 3381 266 3431 ubi
289 3381 363 3446 plus
389 3387 521 3446 tepeant
546 3379 653 3440 hiemes,
736 3382 779 3430 25.
815 3396 846 3429 no
869 3378 892 3429 si
917 3383 995 3443 epoto
1019 3377 1052 3428 ait
1073 3375 1193 3446 frigido]
1219 3377 1262 3429 Cl.

92 3454 122 3498 et
139 3445 193 3495 rid.
212 3446 304 3495 lland.
325 3446 449 3496 Tarsell.
469 3447 513 3508 lV,
532 3463 558 3510 p.
575 3451 635 3498 415.
703 3446 763 3498 cte.
794 3463 819 3511 p.
844 3443 956 3495 Cluent-
982 3447 1030 3506 62,
1055 3447 1112 3494 178.
1146 3445 1263 3496 Celerius

126 3516 169 3563 2³.
196 3511 284 3577 pansa]
302 3511 360 3562 l'isl.
378 3520 436 3562 not·
453 3511 488 3561 sal
507 3528 531 3560 e.
545 3517 571 3571 ³,
588 3513 653 3576 Μ.
701 3515 789 3582 potuit
803 3520 942 3564 comestam
959 3526 1039 3576 qssss
1055 3517 1182 3578 epotam
1199 3518 1262 3573 (rc-

126 3579 251 3646 qaieqaial
275 3577 402 3643 culidem]
437 3577 482 3627 ct.
508 3575 595 3628 laicas
629 3580 655 3631 si
703 3586 819 3640 merrom)
836 3580 863 3630 isa
881 3594 1143 3645 emaspsrmasrare.

92 3648 172 3715 qaid
193 3646 232 3698 eri
245 3645 417 3709 fervidam
434 3644 594 3696 admoneris·
737 3650 765 3698 in
776 3645 1096 3713 physicisqsaeationibus
1107 3643 1172 3710 sair]
1182 3644 1262 3708 Quae

125 3717 168 3764 2⁴.
217 3727 285 3779 quoe
319 3712 403 3762 obsita
434 3711 523 3778 globis
550 3710 654 3762 asisium
703 3712 880 3764 interierant.
916 3710 1103 3763 Vibllabrie.
1121 3710 1260 3761 Bracae

90 3781 245 3849 perducitur
263 3781 291 3829 isa
307 3779 423 3829 nivalem
441 3778 569 3857 rigorem]
587 3778 654 3840 „vt-
702 3781 755 3843 lll,
773 3784 799 3843 6,
816 3783 861 3830 25.
894 3779 1030 3831 Astabr.
1049 3777 1165 3828 Aristot.
1186 3774 1213 3826 b.
1234 3776 1261 3825 d.

93 3847 186 3900 dimas
206 3846 262 3913 ipsi
280 3845 307 3896 in
328 3847 396 3896 urbe
414 3844 492 3895 orbas
514 3844 653 3909 qnondam
703 3848 802 3898 noem
823 3865 849 3913 p.
869 3850 927 3898 189.
944 3853 997 3898 aot.
1017 3847 1042 3895 4.

92 3916 206 3967 (lamina
225 3915 403 3978 bane‚qnam
423 3911 527 3977 tangit,
546 3911 655 3962 blaesa·
737 3918 782 3965 26.
826 3914 918 3964 Ostais
944 3928 1018 3979 nqaa
1049 3907 1114 3973 rec]
1149 3906 1263 3960 Gallias

92 3981 171 4044 bins,
196 3980 345 4042 rationem,
371 3978 496 4039 nisibus,
521 3977 655 4031 videlieet
704 3980 785 4044 xlx,
806 3982 837 4042 b,
860 3984 887 4030 9.
918 3979 990 4030 baec
1022 3973 1146 4028 serravit
1176 3977 1264 4028 rerba

93 4047 168 4100 intra
195 4046 299 4098 vitreas
329 4046 458 4111 pbialss,
486 4043 655 4095 cisonmral·
704 4045 880 4100 Aelatotells:
910 4040 966 4096 Aris
987 4041 1016 4094 sl
1036 4036 1071 4092 rai
1093 4034 1150 4091 aisse
1189 4037 1264 4104 ιόνος

92 4113 171 4168 laudi
198 4113 259 4163 sine
286 4113 420 4164 mistione
442 4112 593 4179 potabilem
619 4109 654 4162 li·
703 4112 751 4165 sol
767 4108 941 4179 κρυστάλλων
957 4104 1050 4162 ὕδατα
1068 4102 1163 4174 φαῦλά
1173 4057 1264 4170 leem

93 4197 217 4248 quorem.
255 4180 395 4233 Martialis
413 4196 467 4247 quo
488 4196 522 4230 ue
541 4177 656 4229 intelle·
696 4174 759 4234 “Orc
783 4174 889 4238 παντὸς
907 4172 1013 4236 ὓδατος
1035 4172 1207 4241 πηγνυμένου
1229 4172 1263 4228 eb

93 4249 135 4300 xit
154 4249 204 4299 illo
222 4247 403 4313 verso[ll1ll‚
421 4197 507 4312 nab:
528 4245 588 4298 Non
604 4262 656 4312 ps·
705 4242 872 4299 λεπτότατοι
890 4245 1045 4297 διικνεῖται
1059 4239 1107 4293 eal
1124 4239 1264 4309 κουφότα-

93 4323 151 4367 tare
167 4317 262 4377 nivem,
279 4316 325 4366 serl
340 4332 438 4382 eqanns
452 4320 547 4382 potare
560 4314 656 4380 rigea-
705 4330 756 4366 eos
770 4308 909 4379 ἐξατμίζιι.
936 4312 1058 4377 Σημεῐον
1076 4304 1107 4360 dl
1130 4303 1173 4360 ὅτι
1188 4306 1263 4362 lios-

92 4389 144 4435 tesa
163 4384 202 4433 De
218 4383 280 4433 nive
295 4391 440 4434 commenta
457 4388 496 4433 est
514 4381 657 4450 ingeniosas
706 4397 755 4432 eoa
776 4380 879 4446 γίνεται
903 4371 921 4446 ἣ
944 4373 1085 4458 sepissima5
1102 4341 1171 4427 leae
1193 4379 1263 4458 ξαιῇ

92 4450 161 4501 sitis.
178 4485 201 4500 ..
218 4450 359 4517 lligentees
377 4450 410 4500 de
427 4449 488 4500 nive
502 4455 546 4498 est
561 4448 598 4499 nb
613 4446 657 4500 ni·
706 4444 801 4513 asapia.
819 4439 1033 4512 Ἀπεληλνθόιος
1051 4459 1102 4495 ose
1116 4444 1168 4494 eoi
1184 4459 1266 4508 opses-

92 4533 155 4567 vem
175 4515 289 4581 phialae
307 4515 547 4573 circumiectan.“
567 4515 656 4566 Ροιι.
706 4509 826 4566 vcsciroa
865 4508 970 4581 sisaim
985 4507 1018 4562 sb
1036 4505 1267 4575 messanenses

92 4611 127 4624 -
154 4582 247 4635 Etiam
266 4584 339 4649 apud
352 4583 482 4634 Plinium
507 4581 539 4634 N.
558 4582 594 4632 ll.
617 4581 656 4646 ll,
705 4583 798 4649 χεῖρον
814 4597 893 4632 esce.

92 4653 175 4714 ΑΜ
197 4654 254 4701 na.
281 4667 335 4702 naa
361 4656 438 4702 reete
462 4648 522 4716 legi
544 4649 656 4702 nebim
739 4656 799 4714 pest
821 4645 929 4713 terren]
954 4644 973 4696 i.
993 4661 1019 4697 a.
1043 4641 1134 4695 minas
1172 4641 1266 4694 uidem

92 4735 145 4787 pro
162 4719 268 4770 nisibus
282 4723 311 4769 et
327 4717 456 4770 coelicum
476 4732 543 4769 mss.
560 4722 657 4770 sucta·
706 4730 789 4781 qaam
819 4722 904 4768 terra.
943 4713 988 4766 cl.
1017 4709 1109 4763 Hasd.
1168 4711 1266 4764 assell.

93 4787 165 4840 ritas
183 4793 212 4840 et
229 4802 340 4851 sensas,
355 4785 464 4853 opiner,
484 4785 575 4839 lma.
706 4781 753 4849 IV,
771 4799 799 4850 p.
819 4785 879 4836 489.
