<?xml version="1.0" encoding="UTF-8"?>
<!DOCTYPE html PUBLIC "-//W3C//DTD XHTML 1.0 Transitional//EN"
    "http://www.w3.org/TR/xhtml1/DTD/xhtml1-transitional.dtd">
<html xmlns="http://www.w3.org/1999/xhtml" xml:lang="en" lang="en">
 <head>
  <title>
</title>
<meta http-equiv="Content-Type" content="text/html;charset=utf-8" />
  <meta name='ocr-system' content='tesseract 3.04.00' />
  <meta name='ocr-capabilities' content='ocr_page ocr_carea ocr_par ocr_line ocrx_word'/>
</head>
<body>
  <div class='ocr_page' id='page_1' title='image "./operaquaesupers01macrgoog/operaquaesupers01macrgoog_0061.png"; bbox 0 0 2812 5242; ppageno 0'>
   <div class='ocr_carea' id='block_1_1' title="bbox 143 155 834 231">
    <p class='ocr_par' dir='ltr' id='par_1_1' title="bbox 143 155 834 231">
     <span class='ocr_line' id='line_1_1' title="bbox 143 155 834 231; baseline -0.016 -2"><span class='ocrx_word' id='word_1_1' title='bbox 143 172 184 231; x_wconf 69' lang='lat' dir='ltr'><strong>:hl</strong></span> <span class='ocrx_word' id='word_1_2' title='bbox 625 155 834 223; x_wconf 76' lang='lat' dir='ltr'><strong>hthltOllll</strong></span> 
     </span>
    </p>
   </div>
   <div class='ocr_carea' id='block_1_2' title="bbox 96 321 1316 1086">
    <p class='ocr_par' dir='ltr' id='par_1_2' title="bbox 96 321 1316 1086">
     <span class='ocr_line' id='line_1_2' title="bbox 141 321 1312 410; baseline -0.011 -11"><span class='ocrx_word' id='word_1_3' title='bbox 141 334 250 400; x_wconf 79' lang='lat' dir='ltr'><strong>landos</strong></span> <span class='ocrx_word' id='word_1_4' title='bbox 282 330 320 393; x_wconf 92' lang='lat' dir='ltr'><strong>ad</strong></span> <span class='ocrx_word' id='word_1_5' title='bbox 348 328 478 393; x_wconf 90' lang='lat' dir='ltr'><strong>eundem</strong></span> <span class='ocrx_word' id='word_1_6' title='bbox 508 346 701 410; x_wconf 75' lang='lat' dir='ltr'><strong>congressum</strong></span> <span class='ocrx_word' id='word_1_7' title='bbox 731 324 968 405; x_wconf 81' lang='lat' dir='ltr'><strong>corivictumquc</strong></span> <span class='ocrx_word' id='word_1_8' title='bbox 997 341 1106 385; x_wconf 81' lang='lat' dir='ltr'><strong>censeo</strong></span> <span class='ocrx_word' id='word_1_9' title='bbox 1136 321 1312 386; x_wconf 80' lang='lat' dir='ltr'><strong>Flavianum</strong></span> 
     </span>
     <span class='ocr_line' id='line_1_3' title="bbox 138 406 1311 504; baseline -0.011 -21"><span class='ocrx_word' id='word_1_10' title='bbox 138 420 205 504; x_wconf 91' lang='lat' dir='ltr'><strong>qui,</strong></span> <span class='ocrx_word' id='word_1_11' title='bbox 242 423 390 501; x_wconf 89' lang='lat' dir='ltr'><strong>quantum</strong></span> <span class='ocrx_word' id='word_1_12' title='bbox 415 413 453 476; x_wconf 91' lang='lat' dir='ltr'><strong>sit</strong></span> <span class='ocrx_word' id='word_1_13' title='bbox 478 411 616 475; x_wconf 88' lang='lat' dir='ltr'><strong>mirando</strong></span> <span class='ocrx_word' id='word_1_14' title='bbox 642 411 707 474; x_wconf 83' lang='lat' dir='ltr'><strong>viro</strong></span> <span class='ocrx_word' id='word_1_15' title='bbox 728 411 866 472; x_wconf 76' lang='lat' dir='ltr'><strong>Venusto</strong></span> <span class='ocrx_word' id='word_1_16' title='bbox 892 415 977 491; x_wconf 90' lang='lat' dir='ltr'><strong>patro</strong></span> <span class='ocrx_word' id='word_1_17' title='bbox 1008 406 1226 490; x_wconf 88' lang='lat' dir='ltr'><strong>praestantior,</strong></span> <span class='ocrx_word' id='word_1_18' title='bbox 1251 428 1311 470; x_wconf 92' lang='lat' dir='ltr'><strong>non</strong></span> 
     </span>
     <span class='ocr_line' id='line_1_4' title="bbox 144 491 1316 579; baseline -0.01 -11"><span class='ocrx_word' id='word_1_19' title='bbox 144 505 246 568; x_wconf 87' lang='lat' dir='ltr'><strong>minus</strong></span> <span class='ocrx_word' id='word_1_20' title='bbox 273 508 383 563; x_wconf 87' lang='lat' dir='ltr'><strong>ornatu</strong></span> <span class='ocrx_word' id='word_1_21' title='bbox 415 516 534 560; x_wconf 90' lang='lat' dir='ltr'><strong>morum</strong></span> <span class='ocrx_word' id='word_1_22' title='bbox 564 496 771 579; x_wconf 77' lang='lat' dir='ltr'><strong>gravitateque</strong></span> <span class='ocrx_word' id='word_1_23' title='bbox 800 493 880 557; x_wconf 77' lang='lat' dir='ltr'><strong>vitnc</strong></span> <span class='ocrx_word' id='word_1_24' title='bbox 915 512 1006 575; x_wconf 86' lang='lat' dir='ltr'><strong>quarn</strong></span> <span class='ocrx_word' id='word_1_25' title='bbox 1035 491 1122 574; x_wconf 87' lang='lat' dir='ltr'><strong>eopia</strong></span> <span class='ocrx_word' id='word_1_26' title='bbox 1149 492 1316 575; x_wconf 75' lang='lat' dir='ltr'><strong>profundae</strong></span> 
     </span>
     <span class='ocr_line' id='line_1_5' title="bbox 142 575 1314 664; baseline -0.011 -12"><span class='ocrx_word' id='word_1_27' title='bbox 142 585 323 652; x_wconf 90' lang='lat' dir='ltr'><strong>eruditionis</strong></span> <span class='ocrx_word' id='word_1_28' title='bbox 343 581 495 646; x_wconf 83' lang='lat' dir='ltr'><strong>adseruit:</strong></span> <span class='ocrx_word' id='word_1_29' title='bbox 523 579 675 664; x_wconf 87' lang='lat' dir='ltr'><strong>simulque</strong></span> <span class='ocrx_word' id='word_1_30' title='bbox 695 579 944 653; x_wconf 84' lang='lat' dir='ltr'><strong>Postumianum,</strong></span> <span class='ocrx_word' id='word_1_31' title='bbox 967 575 1019 660; x_wconf 90' lang='lat' dir='ltr'><strong>qui</strong></span> <span class='ocrx_word' id='word_1_32' title='bbox 1042 575 1141 639; x_wconf 88' lang='lat' dir='ltr'><strong>lorum</strong></span> <span class='ocrx_word' id='word_1_33' title='bbox 1166 575 1314 641; x_wconf 82' lang='lat' dir='ltr'><strong>detensio-</strong></span> 
     </span>
     <span class='ocr_line' id='line_1_6' title="bbox 142 661 1315 751; baseline -0.011 -14"><span class='ocrx_word' id='word_1_34' title='bbox 142 694 217 737; x_wconf 95' lang='lat' dir='ltr'><strong>num</strong></span> <span class='ocrx_word' id='word_1_35' title='bbox 240 667 416 751; x_wconf 81' lang='lat' dir='ltr'><strong>dignatione</strong></span> <span class='ocrx_word' id='word_1_36' title='bbox 437 664 590 729; x_wconf 89' lang='lat' dir='ltr'><strong>nobilitat:</strong></span> <span class='ocrx_word' id='word_1_37' title='bbox 619 672 650 727; x_wconf 88' lang='lat' dir='ltr'><strong>et</strong></span> <span class='ocrx_word' id='word_1_38' title='bbox 670 662 885 737; x_wconf 81' lang='lat' dir='ltr'><strong>Eustatbium,</strong></span> <span class='ocrx_word' id='word_1_39' title='bbox 909 662 963 745; x_wconf 91' lang='lat' dir='ltr'><strong>qui</strong></span> <span class='ocrx_word' id='word_1_40' title='bbox 982 669 1085 723; x_wconf 88' lang='lat' dir='ltr'><strong>tantus</strong></span> <span class='ocrx_word' id='word_1_41' title='bbox 1106 661 1137 723; x_wconf 92' lang='lat' dir='ltr'><strong>in</strong></span> <span class='ocrx_word' id='word_1_42' title='bbox 1159 662 1245 725; x_wconf 92' lang='lat' dir='ltr'><strong>omni</strong></span> <span class='ocrx_word' id='word_1_43' title='bbox 1264 683 1315 745; x_wconf 82' lang='lat' dir='ltr'><strong>ge-</strong></span> 
     </span>
     <span class='ocr_line' id='line_1_7' title="bbox 143 746 1315 838; baseline -0.01 -18"><span class='ocrx_word' id='word_1_44' title='bbox 143 776 216 820; x_wconf 84' lang='lat' dir='ltr'><strong>nera</strong></span> <span class='ocrx_word' id='word_1_45' title='bbox 238 750 448 838; x_wconf 82' lang='lat' dir='ltr'><strong>philosophiae</strong></span> <span class='ocrx_word' id='word_1_46' title='bbox 472 757 538 823; x_wconf 88' lang='lat' dir='ltr'><strong>est,</strong></span> <span class='ocrx_word' id='word_1_47' title='bbox 573 758 608 813; x_wconf 92' lang='lat' dir='ltr'><strong>ut</strong></span> <span class='ocrx_word' id='word_1_48' title='bbox 630 749 713 813; x_wconf 91' lang='lat' dir='ltr'><strong>solus</strong></span> <span class='ocrx_word' id='word_1_49' title='bbox 738 747 826 811; x_wconf 93' lang='lat' dir='ltr'><strong>nobis</strong></span> <span class='ocrx_word' id='word_1_50' title='bbox 850 754 1055 829; x_wconf 87' lang='lat' dir='ltr'><strong>repraesentet</strong></span> <span class='ocrx_word' id='word_1_51' title='bbox 1081 746 1199 828; x_wconf 77' lang='lat' dir='ltr'><strong>ingenia</strong></span> <span class='ocrx_word' id='word_1_52' title='bbox 1223 746 1315 810; x_wconf 92' lang='lat' dir='ltr'><strong>trium</strong></span> 
     </span>
     <span class='ocr_line' id='line_1_8' title="bbox 96 830 1316 926; baseline -0.011 -18"><span class='ocrx_word' id='word_1_53' title='bbox 96 846 134 908; x_wconf 84' lang='lat'><strong>14</strong></span> <span class='ocrx_word' id='word_1_54' title='bbox 144 837 396 926; x_wconf 90' lang='lat' dir='ltr'><strong>philosophorum</strong></span> <span class='ocrx_word' id='word_1_55' title='bbox 414 834 453 898; x_wconf 89' lang='lat' dir='ltr'><strong>de</strong></span> <span class='ocrx_word' id='word_1_56' title='bbox 471 834 583 917; x_wconf 89' lang='lat' dir='ltr'><strong>quibus</strong></span> <span class='ocrx_word' id='word_1_57' title='bbox 601 842 704 897; x_wconf 90' lang='lat' dir='ltr'><strong>nostra</strong></span> <span class='ocrx_word' id='word_1_58' title='bbox 726 830 891 914; x_wconf 90' lang='lat' dir='ltr'><strong>antiquitas</strong></span> <span class='ocrx_word' id='word_1_59' title='bbox 910 831 1036 913; x_wconf 86' lang='lat' dir='ltr'><strong>gloriata</strong></span> <span class='ocrx_word' id='word_1_60' title='bbox 1056 838 1111 893; x_wconf 90' lang='lat' dir='ltr'><strong>est.</strong></span> <span class='ocrx_word' id='word_1_61' title='bbox 1156 830 1229 894; x_wconf 93' lang='lat' dir='ltr'><strong>lllos</strong></span> <span class='ocrx_word' id='word_1_62' title='bbox 1247 831 1316 894; x_wconf 81' lang='lat' dir='ltr'><strong>dico</strong></span> 
     </span>
     <span class='ocr_line' id='line_1_9' title="bbox 144 914 1316 1008; baseline -0.009 -20"><span class='ocrx_word' id='word_1_63' title='bbox 144 945 223 1008; x_wconf 91' lang='lat' dir='ltr'><strong>quos</strong></span> <span class='ocrx_word' id='word_1_64' title='bbox 243 920 447 985; x_wconf 74' lang='lat' dir='ltr'><strong>Athenienses</strong></span> <span class='ocrx_word' id='word_1_65' title='bbox 469 919 623 1001; x_wconf 93' lang='lat' dir='ltr'><strong>quondam</strong></span> <span class='ocrx_word' id='word_1_66' title='bbox 644 917 681 980; x_wconf 92' lang='lat' dir='ltr'><strong>ad</strong></span> <span class='ocrx_word' id='word_1_67' title='bbox 704 925 842 979; x_wconf 86' lang='lat' dir='ltr'><strong>senatum</strong></span> <span class='ocrx_word' id='word_1_68' title='bbox 863 915 1034 997; x_wconf 74' lang='lat' dir='ltr'><strong>legaverant</strong></span> <span class='ocrx_word' id='word_1_69' title='bbox 1053 914 1246 997; x_wconf 89' lang='lat' dir='ltr'><strong>impetratum</strong></span> <span class='ocrx_word' id='word_1_70' title='bbox 1272 916 1316 979; x_wconf 95' lang='lat' dir='ltr'><strong>uti</strong></span> 
     </span>
     <span class='ocr_line' id='line_1_10' title="bbox 144 999 1314 1086; baseline -0.011 -11"><span class='ocrx_word' id='word_1_71' title='bbox 144 1008 271 1075; x_wconf 88' lang='lat' dir='ltr'><strong>multam</strong></span> <span class='ocrx_word' id='word_1_72' title='bbox 293 1004 460 1069; x_wconf 85' lang='lat' dir='ltr'><strong>remitteret</strong></span> <span class='ocrx_word' id='word_1_73' title='bbox 481 1022 572 1086; x_wconf 88' lang='lat' dir='ltr'><strong>quam</strong></span> <span class='ocrx_word' id='word_1_74' title='bbox 597 1000 708 1066; x_wconf 75' lang='lat' dir='ltr'><strong>civitati</strong></span> <span class='ocrx_word' id='word_1_75' title='bbox 729 1020 836 1066; x_wconf 89' lang='lat' dir='ltr'><strong>eorum</strong></span> <span class='ocrx_word' id='word_1_76' title='bbox 860 999 972 1063; x_wconf 88' lang='lat' dir='ltr'><strong>lecerat</strong></span> <span class='ocrx_word' id='word_1_77' title='bbox 994 1007 1119 1085; x_wconf 89' lang='lat' dir='ltr'><strong>propter</strong></span> <span class='ocrx_word' id='word_1_78' title='bbox 1141 1000 1240 1084; x_wconf 84' lang='lat' dir='ltr'><strong>Oropi</strong></span> <span class='ocrx_word' id='word_1_79' title='bbox 1263 1019 1314 1064; x_wconf 86' lang='lat' dir='ltr'><strong>va-</strong></span> 
     </span>
    </p>
   </div>
   <div class='ocr_carea' id='block_1_3' title="bbox 213 1188 439 1257">
    <p class='ocr_par' dir='ltr' id='par_1_3' title="bbox 213 1188 439 1257">
     <span class='ocr_line' id='line_1_11' title="bbox 213 1188 439 1257; baseline -0.009 -15"><span class='ocrx_word' id='word_1_80' title='bbox 213 1192 292 1257; x_wconf 75' lang='lat' dir='ltr'><strong>[nu.</strong></span> <span class='ocrx_word' id='word_1_81' title='bbox 309 1188 439 1241; x_wconf 80' lang='lat' dir='ltr'><strong>annes.</strong></span> 
     </span>
    </p>
   </div>
   <div class='ocr_carea' id='block_1_4' title="bbox 141 1267 1317 2345">
    <p class='ocr_par' dir='ltr' id='par_1_4' title="bbox 141 1267 1317 2345">
     <span class='ocr_line' id='line_1_12' title="bbox 144 1267 1315 1344; baseline -0.007 -18"><span class='ocrx_word' id='word_1_82' title='bbox 144 1283 271 1344; x_wconf 76' lang='lat' dir='ltr'><strong>quantem</strong></span> <span class='ocrx_word' id='word_1_83' title='bbox 291 1272 441 1323; x_wconf 77' lang='lat' dir='ltr'><strong>ABGSs-s.</strong></span> <span class='ocrx_word' id='word_1_84' title='bbox 477 1279 581 1336; x_wconf 80' lang='lat' dir='ltr'><strong>quanto</strong></span> <span class='ocrx_word' id='word_1_85' title='bbox 598 1270 694 1337; x_wconf 74' lang='lat' dir='ltr'><strong>e-gbl&#39;</strong></span> <span class='ocrx_word' id='word_1_86' title='bbox 711 1269 779 1335; x_wconf 84' lang='lat' dir='ltr'><strong>(non</strong></span> <span class='ocrx_word' id='word_1_87' title='bbox 797 1269 829 1327; x_wconf 76' lang='lat' dir='ltr'><strong>A.</strong></span> <span class='ocrx_word' id='word_1_88' title='bbox 849 1275 879 1319; x_wconf 91' lang='lat' dir='ltr'><strong>nt</strong></span> <span class='ocrx_word' id='word_1_89' title='bbox 896 1267 980 1319; x_wconf 78' lang='lat' dir='ltr'><strong>alten</strong></span> <span class='ocrx_word' id='word_1_90' title='bbox 999 1267 1103 1326; x_wconf 65' lang='lat' dir='ltr'><strong>ronta.</strong></span> <span class='ocrx_word' id='word_1_91' title='bbox 1116 1292 1148 1307; x_wconf 91' lang='lat'><em>-</em></span> <span class='ocrx_word' id='word_1_92' title='bbox 1163 1268 1199 1318; x_wconf 87' lang='lat' dir='ltr'><strong>sit</strong></span> <span class='ocrx_word' id='word_1_93' title='bbox 1214 1284 1268 1318; x_wconf 90' lang='lat' dir='ltr'><strong>om.</strong></span> <span class='ocrx_word' id='word_1_94' title='bbox 1287 1284 1315 1334; x_wconf 75' lang='lat' dir='ltr'><strong>g.</strong></span> 
     </span>
     <span class='ocr_line' id='line_1_13' title="bbox 143 1338 1315 1404; baseline -0.006 -12"><span class='ocrx_word' id='word_1_95' title='bbox 143 1370 174 1380; x_wconf 92' lang='lat'><strong>-—</strong></span> <span class='ocrx_word' id='word_1_96' title='bbox 191 1340 313 1393; x_wconf 86' lang='lat' dir='ltr'><strong>mirando</strong></span> <span class='ocrx_word' id='word_1_97' title='bbox 330 1338 628 1404; x_wconf 67' lang='lat' dir='ltr'><strong>mensi-ghranno.</strong></span> <span class='ocrx_word' id='word_1_98' title='bbox 665 1339 826 1388; x_wconf 76' lang='lat' dir='ltr'><strong>mirandam</strong></span> <span class='ocrx_word' id='word_1_99' title='bbox 842 1353 897 1387; x_wconf 87' lang='lat' dir='ltr'><strong>s·z.</strong></span> <span class='ocrx_word' id='word_1_100' title='bbox 919 1363 946 1373; x_wconf 92' lang='lat'><strong>-·</strong></span> <span class='ocrx_word' id='word_1_101' title='bbox 966 1344 1075 1387; x_wconf 83' lang='lat' dir='ltr'><strong>versesto</strong></span> <span class='ocrx_word' id='word_1_102' title='bbox 1093 1352 1147 1386; x_wconf 83' lang='lat' dir='ltr'><strong>s-n.</strong></span> <span class='ocrx_word' id='word_1_103' title='bbox 1184 1344 1212 1386; x_wconf 89' lang='lat' dir='ltr'><strong>et</strong></span> <span class='ocrx_word' id='word_1_104' title='bbox 1231 1354 1315 1385; x_wconf 82' lang='lat' dir='ltr'><strong>ncne-</strong></span> 
     </span>
     <span class='ocr_line' id='line_1_14' title="bbox 143 1404 1317 1473; baseline -0.008 -13"><span class='ocrx_word' id='word_1_105' title='bbox 143 1418 182 1460; x_wconf 88' lang='lat' dir='ltr'><strong>sto</strong></span> <span class='ocrx_word' id='word_1_106' title='bbox 204 1407 309 1471; x_wconf 71' lang='lat' dir='ltr'><strong>v-phl‘.</strong></span> <span class='ocrx_word' id='word_1_107' title='bbox 334 1434 369 1447; x_wconf 90' lang='lat'><strong>·-</strong></span> <span class='ocrx_word' id='word_1_108' title='bbox 397 1407 442 1473; x_wconf 85' lang='lat' dir='ltr'><strong>qni</strong></span> <span class='ocrx_word' id='word_1_109' title='bbox 459 1413 557 1471; x_wconf 85' lang='lat' dir='ltr'><strong>qnanto</strong></span> <span class='ocrx_word' id='word_1_110' title='bbox 575 1406 623 1466; x_wconf 79' lang='lat' dir='ltr'><strong>sit,</strong></span> <span class='ocrx_word' id='word_1_111' title='bbox 650 1406 828 1464; x_wconf 84' lang='lat' dir='ltr'><strong>mirandam,</strong></span> <span class='ocrx_word' id='word_1_112' title='bbox 853 1405 900 1453; x_wconf 88' lang='lat' dir='ltr'><strong>air</strong></span> <span class='ocrx_word' id='word_1_113' title='bbox 918 1410 1027 1453; x_wconf 74' lang='lat' dir='ltr'><strong>venneto</strong></span> <span class='ocrx_word' id='word_1_114' title='bbox 1044 1410 1122 1470; x_wconf 86' lang='lat' dir='ltr'><strong>patre</strong></span> <span class='ocrx_word' id='word_1_115' title='bbox 1136 1404 1317 1469; x_wconf 76' lang='lat' dir='ltr'><strong>praestantior</strong></span> 
     </span>
     <span class='ocr_line' id='line_1_15' title="bbox 143 1469 1315 1540; baseline -0.006 -15"><span class='ocrx_word' id='word_1_116' title='bbox 143 1476 215 1526; x_wconf 71' lang='lat' dir='ltr'><strong>atoni.</strong></span> <span class='ocrx_word' id='word_1_117' title='bbox 235 1475 315 1525; x_wconf 86' lang='lat' dir='ltr'><strong>l‘ont.</strong></span> <span class='ocrx_word' id='word_1_118' title='bbox 351 1475 396 1539; x_wconf 86' lang='lat' dir='ltr'><strong>qni</strong></span> <span class='ocrx_word' id='word_1_119' title='bbox 412 1481 511 1540; x_wconf 85' lang='lat' dir='ltr'><strong>quanto</strong></span> <span class='ocrx_word' id='word_1_120' title='bbox 530 1474 572 1532; x_wconf 85' lang='lat' dir='ltr'><strong>sit,</strong></span> <span class='ocrx_word' id='word_1_121' title='bbox 589 1472 711 1522; x_wconf 88' lang='lat' dir='ltr'><strong>mirande</strong></span> <span class='ocrx_word' id='word_1_122' title='bbox 730 1473 796 1533; x_wconf 84' lang='lat' dir='ltr'><strong>ciro,</strong></span> <span class='ocrx_word' id='word_1_123' title='bbox 820 1473 934 1521; x_wconf 82' lang='lat' dir='ltr'><strong>l&#39;ersasto</strong></span> <span class='ocrx_word' id='word_1_124' title='bbox 951 1478 1038 1535; x_wconf 86' lang='lat' dir='ltr'><strong>patre,</strong></span> <span class='ocrx_word' id='word_1_125' title='bbox 1057 1471 1246 1535; x_wconf 76' lang='lat' dir='ltr'><strong>praestantior,</strong></span> <span class='ocrx_word' id='word_1_126' title='bbox 1270 1469 1315 1518; x_wconf 85' lang='lat' dir='ltr'><strong>sel</strong></span> 
     </span>
     <span class='ocr_line' id='line_1_16' title="bbox 144 1536 1316 1605; baseline -0.006 -13"><span class='ocrx_word' id='word_1_127' title='bbox 144 1544 230 1592; x_wconf 86' lang='lat' dir='ltr'><strong>etiarn</strong></span> <span class='ocrx_word' id='word_1_128' title='bbox 250 1542 408 1591; x_wconf 85' lang='lat' dir='ltr'><strong>Marrano</strong></span> <span class='ocrx_word' id='word_1_129' title='bbox 431 1541 525 1590; x_wconf 83' lang='lat' dir='ltr'><strong>Virio</strong></span> <span class='ocrx_word' id='word_1_130' title='bbox 548 1541 662 1589; x_wconf 84' lang='lat' dir='ltr'><strong>l&#39;enusto</strong></span> <span class='ocrx_word' id='word_1_131' title='bbox 678 1547 756 1605; x_wconf 88' lang='lat' dir='ltr'><strong>patre</strong></span> <span class='ocrx_word' id='word_1_132' title='bbox 771 1555 814 1605; x_wconf 91' lang='lat' dir='ltr'><strong>pr.</strong></span> <span class='ocrx_word' id='word_1_133' title='bbox 837 1547 888 1599; x_wconf 88' lang='lat' dir='ltr'><strong>„ut</strong></span> <span class='ocrx_word' id='word_1_134' title='bbox 904 1538 1015 1586; x_wconf 83' lang='lat' dir='ltr'><strong>nornine</strong></span> <span class='ocrx_word' id='word_1_135' title='bbox 1033 1538 1104 1585; x_wconf 91' lang='lat' dir='ltr'><strong>haec</strong></span> <span class='ocrx_word' id='word_1_136' title='bbox 1121 1536 1234 1601; x_wconf 89' lang='lat' dir='ltr'><strong>propria</strong></span> <span class='ocrx_word' id='word_1_137' title='bbox 1249 1538 1316 1597; x_wconf 89' lang='lat' dir='ltr'><strong>sint,</strong></span> 
     </span>
     <span class='ocr_line' id='line_1_17' title="bbox 144 1604 1315 1666; baseline -0.004 -8"><span class='ocrx_word' id='word_1_138' title='bbox 144 1610 224 1660; x_wconf 73' lang='lat' dir='ltr'><strong>seuirrs</strong></span> <span class='ocrx_word' id='word_1_139' title='bbox 242 1608 318 1659; x_wconf 89' lang='lat' dir='ltr'><strong>nsodi</strong></span> <span class='ocrx_word' id='word_1_140' title='bbox 339 1606 367 1658; x_wconf 87' lang='lat' dir='ltr'><strong>in</strong></span> <span class='ocrx_word' id='word_1_141' title='bbox 394 1606 516 1657; x_wconf 84' lang='lat' dir='ltr'><strong>thesaur.</strong></span> <span class='ocrx_word' id='word_1_142' title='bbox 541 1606 625 1655; x_wconf 86' lang='lat' dir='ltr'><strong>inser.</strong></span> <span class='ocrx_word' id='word_1_143' title='bbox 645 1606 758 1656; x_wconf 85' lang='lat' dir='ltr'><strong>Gruter.</strong></span> <span class='ocrx_word' id='word_1_144' title='bbox 778 1610 946 1655; x_wconf 67' lang='lat' dir='ltr'><strong>occisi-runt*</strong></span> <span class='ocrx_word' id='word_1_145' title='bbox 972 1604 1042 1653; x_wconf 77' lang='lat' dir='ltr'><strong>cami.</strong></span> <span class='ocrx_word' id='word_1_146' title='bbox 1062 1604 1221 1653; x_wconf 69' lang='lat' dir='ltr'><strong>Scriverius</strong></span> <span class='ocrx_word' id='word_1_147' title='bbox 1245 1604 1315 1666; x_wconf 78' lang='lat' dir='ltr'><strong>(sid.</strong></span> 
     </span>
     <span class='ocr_line' id='line_1_18' title="bbox 143 1672 1313 1742; baseline -0.004 -16"><span class='ocrx_word' id='word_1_148' title='bbox 143 1680 213 1742; x_wconf 65' lang='lat' dir='ltr'><strong>pl).</strong></span> <span class='ocrx_word' id='word_1_149' title='bbox 248 1675 293 1741; x_wconf 85' lang='lat' dir='ltr'><strong>qai</strong></span> <span class='ocrx_word' id='word_1_150' title='bbox 315 1682 418 1741; x_wconf 83' lang='lat' dir='ltr'><strong>quanta</strong></span> <span class='ocrx_word' id='word_1_151' title='bbox 442 1676 475 1725; x_wconf 88' lang='lat' dir='ltr'><strong>sit</strong></span> <span class='ocrx_word' id='word_1_152' title='bbox 496 1674 617 1724; x_wconf 87' lang='lat' dir='ltr'><strong>mirando</strong></span> <span class='ocrx_word' id='word_1_153' title='bbox 638 1690 691 1723; x_wconf 89' lang='lat' dir='ltr'><strong>ore</strong></span> <span class='ocrx_word' id='word_1_154' title='bbox 712 1674 815 1723; x_wconf 83' lang='lat' dir='ltr'><strong>versasti</strong></span> <span class='ocrx_word' id='word_1_155' title='bbox 830 1673 917 1738; x_wconf 85' lang='lat' dir='ltr'><strong>patris</strong></span> <span class='ocrx_word' id='word_1_156' title='bbox 932 1672 990 1731; x_wconf 83' lang='lat' dir='ltr'><strong>(rel</strong></span> <span class='ocrx_word' id='word_1_157' title='bbox 1008 1678 1116 1721; x_wconf 70' lang='lat' dir='ltr'><strong>ceraste</strong></span> <span class='ocrx_word' id='word_1_158' title='bbox 1128 1674 1221 1737; x_wconf 88' lang='lat' dir='ltr'><strong>patre)</strong></span> <span class='ocrx_word' id='word_1_159' title='bbox 1233 1688 1313 1738; x_wconf 89' lang='lat' dir='ltr'><strong>prae·</strong></span> 
     </span>
     <span class='ocr_line' id='line_1_19' title="bbox 143 1740 1316 1818; baseline -0.004 -24"><span class='ocrx_word' id='word_1_160' title='bbox 143 1743 259 1795; x_wconf 84' lang='lat' dir='ltr'><strong>stantior</strong></span> <span class='ocrx_word' id='word_1_161' title='bbox 277 1740 348 1791; x_wconf 89' lang='lat' dir='ltr'><strong>coni.</strong></span> <span class='ocrx_word' id='word_1_162' title='bbox 366 1740 452 1791; x_wconf 77' lang='lat' dir='ltr'><strong>Zeus.</strong></span> <span class='ocrx_word' id='word_1_163' title='bbox 473 1768 502 1776; x_wconf 93' lang='lat'>-</span> <span class='ocrx_word' id='word_1_164' title='bbox 526 1758 626 1792; x_wconf 84' lang='lat' dir='ltr'><strong>morum</strong></span> <span class='ocrx_word' id='word_1_165' title='bbox 643 1750 738 1792; x_wconf 86' lang='lat' dir='ltr'><strong>ornate</strong></span> <span class='ocrx_word' id='word_1_166' title='bbox 756 1741 877 1818; x_wconf 74' lang='lat' dir='ltr'><strong>vitaeque</strong></span> <span class='ocrx_word' id='word_1_167' title='bbox 892 1741 1029 1807; x_wconf 84' lang='lat' dir='ltr'><strong>gravitate</strong></span> <span class='ocrx_word' id='word_1_168' title='bbox 1049 1754 1106 1804; x_wconf 56' lang='lat' dir='ltr'><strong>ug.</strong></span> <span class='ocrx_word' id='word_1_169' title='bbox 1127 1764 1160 1774; x_wconf 95' lang='lat'><em>-</em></span> <span class='ocrx_word' id='word_1_170' title='bbox 1182 1745 1316 1789; x_wconf 70' lang='lat' dir='ltr'><strong>arenant</strong></span> 
     </span>
     <span class='ocr_line' id='line_1_20' title="bbox 143 1804 1314 1875; baseline -0.004 -15"><span class='ocrx_word' id='word_1_171' title='bbox 143 1817 232 1871; x_wconf 85' lang='lat' dir='ltr'><strong>(corr.</strong></span> <span class='ocrx_word' id='word_1_172' title='bbox 258 1808 286 1858; x_wconf 92' lang='lat' dir='ltr'><strong>in</strong></span> <span class='ocrx_word' id='word_1_173' title='bbox 311 1810 365 1866; x_wconf 84' lang='lat' dir='ltr'><strong>nit)</strong></span> <span class='ocrx_word' id='word_1_174' title='bbox 389 1808 422 1859; x_wconf 88' lang='lat' dir='ltr'><strong>G.</strong></span> <span class='ocrx_word' id='word_1_175' title='bbox 460 1806 521 1869; x_wconf 73' lang='lat' dir='ltr'><strong>„Ne</strong></span> <span class='ocrx_word' id='word_1_176' title='bbox 539 1808 628 1858; x_wconf 86' lang='lat' dir='ltr'><strong>minas</strong></span> <span class='ocrx_word' id='word_1_177' title='bbox 651 1806 697 1857; x_wconf 90' lang='lat' dir='ltr'><strong>bie</strong></span> <span class='ocrx_word' id='word_1_178' title='bbox 717 1807 886 1875; x_wconf 74' lang='lat' dir='ltr'><strong>simpliciter</strong></span> <span class='ocrx_word' id='word_1_179' title='bbox 904 1813 931 1856; x_wconf 88' lang='lat' dir='ltr'><strong>et</strong></span> <span class='ocrx_word' id='word_1_180' title='bbox 949 1804 1174 1856; x_wconf 78' lang='lat' dir='ltr'><strong>satianterilitcr</strong></span> <span class='ocrx_word' id='word_1_181' title='bbox 1192 1806 1314 1871; x_wconf 88' lang='lat' dir='ltr'><strong>positum</strong></span> 
     </span>
     <span class='ocr_line' id='line_1_21' title="bbox 143 1872 1315 1941; baseline -0.001 -16"><span class='ocrx_word' id='word_1_182' title='bbox 143 1877 288 1938; x_wconf 84' lang='lat' dir='ltr'><strong>videntur,</strong></span> <span class='ocrx_word' id='word_1_183' title='bbox 321 1875 364 1924; x_wconf 84' lang='lat' dir='ltr'><strong>sel</strong></span> <span class='ocrx_word' id='word_1_184' title='bbox 387 1873 500 1941; x_wconf 82' lang='lat' dir='ltr'><strong>corrige</strong></span> <span class='ocrx_word' id='word_1_185' title='bbox 524 1882 648 1937; x_wconf 77' lang='lat' dir='ltr'><strong>aestates,</strong></span> <span class='ocrx_word' id='word_1_186' title='bbox 679 1876 737 1933; x_wconf 81' lang='lat' dir='ltr'><strong>sel,</strong></span> <span class='ocrx_word' id='word_1_187' title='bbox 767 1873 838 1939; x_wconf 88' lang='lat' dir='ltr'><strong>quod</strong></span> <span class='ocrx_word' id='word_1_188' title='bbox 863 1874 935 1925; x_wconf 82' lang='lat' dir='ltr'><strong>torte</strong></span> <span class='ocrx_word' id='word_1_189' title='bbox 954 1872 1070 1932; x_wconf 88' lang='lat' dir='ltr'><strong>melius,</strong></span> <span class='ocrx_word' id='word_1_190' title='bbox 1097 1888 1200 1939; x_wconf 82' lang='lat' dir='ltr'><strong>repono</strong></span> <span class='ocrx_word' id='word_1_191' title='bbox 1217 1873 1315 1924; x_wconf 85' lang='lat' dir='ltr'><strong>landis.</strong></span> 
     </span>
     <span class='ocr_line' id='line_1_22' title="bbox 144 1939 1315 2007; baseline -0.002 -15"><span class='ocrx_word' id='word_1_192' title='bbox 144 1942 250 1992; x_wconf 83' lang='lat' dir='ltr'><strong>lleinde</strong></span> <span class='ocrx_word' id='word_1_193' title='bbox 268 1947 331 2007; x_wconf 87' lang='lat' dir='ltr'><strong>post</strong></span> <span class='ocrx_word' id='word_1_194' title='bbox 349 1944 462 1993; x_wconf 87' lang='lat' dir='ltr'><strong>assernit</strong></span> <span class='ocrx_word' id='word_1_195' title='bbox 475 1941 614 1991; x_wconf 75' lang='lat' dir='ltr'><strong>excidisse</strong></span> <span class='ocrx_word' id='word_1_196' title='bbox 634 1942 684 1991; x_wconf 85' lang='lat' dir='ltr'><strong>sibi</strong></span> <span class='ocrx_word' id='word_1_197' title='bbox 703 1949 730 1993; x_wconf 91' lang='lat' dir='ltr'><strong>et</strong></span> <span class='ocrx_word' id='word_1_198' title='bbox 748 1942 827 2005; x_wconf 75' lang='lat' dir='ltr'><strong>lepes</strong></span> <span class='ocrx_word' id='word_1_199' title='bbox 847 1941 962 2007; x_wconf 77' lang='lat' dir='ltr'><strong>linguae</strong></span> <span class='ocrx_word' id='word_1_200' title='bbox 981 1946 1009 1990; x_wconf 88' lang='lat' dir='ltr'><strong>et</strong></span> <span class='ocrx_word' id='word_1_201' title='bbox 1025 1940 1155 2005; x_wconf 74' lang='lat' dir='ltr'><strong>syllabae</strong></span> <span class='ocrx_word' id='word_1_202' title='bbox 1172 1939 1315 2005; x_wconf 87' lang='lat' dir='ltr'><strong>sequentia</strong></span> 
     </span>
     <span class='ocr_line' id='line_1_23' title="bbox 143 2007 1313 2075; baseline -0.003 -15"><span class='ocrx_word' id='word_1_203' title='bbox 143 2008 301 2060; x_wconf 88' lang='lat' dir='ltr'><strong>similitudo</strong></span> <span class='ocrx_word' id='word_1_204' title='bbox 322 2007 407 2058; x_wconf 85' lang='lat' dir='ltr'><strong>leeils</strong></span> <span class='ocrx_word' id='word_1_205' title='bbox 426 2008 572 2074; x_wconf 82' lang='lat' dir='ltr'><strong>probent.“</strong></span> <span class='ocrx_word' id='word_1_206' title='bbox 595 2008 680 2057; x_wconf 75' lang='lat' dir='ltr'><strong>Zetis.</strong></span> <span class='ocrx_word' id='word_1_207' title='bbox 710 2036 744 2047; x_wconf 91' lang='lat'>-</span> <span class='ocrx_word' id='word_1_208' title='bbox 771 2009 944 2074; x_wconf 78' lang='lat' dir='ltr'><strong>dignitate</strong></span> <span class='ocrx_word' id='word_1_209' title='bbox 966 2008 1017 2057; x_wconf 87' lang='lat' dir='ltr'><strong>ael</strong></span> <span class='ocrx_word' id='word_1_210' title='bbox 1039 2008 1197 2075; x_wconf 84' lang='lat' dir='ltr'><strong>dignatione</strong></span> <span class='ocrx_word' id='word_1_211' title='bbox 1220 2007 1254 2057; x_wconf 88' lang='lat' dir='ltr'><strong>G.</strong></span> <span class='ocrx_word' id='word_1_212' title='bbox 1280 2034 1313 2045; x_wconf 94' lang='lat'><em>-</em></span> 
     </span>
     <span class='ocr_line' id='line_1_24' title="bbox 145 2073 1313 2141; baseline -0.003 -14"><span class='ocrx_word' id='word_1_213' title='bbox 145 2075 330 2127; x_wconf 75' lang='lat' dir='ltr'><strong>Eustaebion</strong></span> <span class='ocrx_word' id='word_1_214' title='bbox 350 2079 393 2125; x_wconf 81' lang='lat' dir='ltr'><strong>vl.</strong></span> <span class='ocrx_word' id='word_1_215' title='bbox 431 2073 612 2125; x_wconf 78' lang='lat' dir='ltr'><strong>Eustachium</strong></span> <span class='ocrx_word' id='word_1_216' title='bbox 630 2074 702 2125; x_wconf 75' lang='lat' dir='ltr'><strong>r&#39;etic.</strong></span> <span class='ocrx_word' id='word_1_217' title='bbox 720 2102 752 2113; x_wconf 93' lang='lat'><em>-</em></span> <span class='ocrx_word' id='word_1_218' title='bbox 778 2078 824 2141; x_wconf 83' lang='lat' dir='ltr'><strong>psi</strong></span> <span class='ocrx_word' id='word_1_219' title='bbox 847 2082 930 2126; x_wconf 85' lang='lat' dir='ltr'><strong>totns</strong></span> <span class='ocrx_word' id='word_1_220' title='bbox 951 2074 984 2124; x_wconf 89' lang='lat' dir='ltr'><strong>G.</strong></span> <span class='ocrx_word' id='word_1_221' title='bbox 1007 2101 1038 2111; x_wconf 92' lang='lat'><em>-</em></span> <span class='ocrx_word' id='word_1_222' title='bbox 1063 2076 1134 2123; x_wconf 88' lang='lat' dir='ltr'><strong>omni</strong></span> <span class='ocrx_word' id='word_1_223' title='bbox 1151 2089 1206 2124; x_wconf 93' lang='lat' dir='ltr'><strong>om.</strong></span> <span class='ocrx_word' id='word_1_224' title='bbox 1226 2074 1260 2124; x_wconf 84' lang='lat' dir='ltr'><strong>G.</strong></span> <span class='ocrx_word' id='word_1_225' title='bbox 1281 2101 1313 2111; x_wconf 91' lang='lat'>-</span> 
     </span>
     <span class='ocr_line' id='line_1_25' title="bbox 141 2140 1314 2209; baseline -0.002 -16"><span class='ocrx_word' id='word_1_226' title='bbox 141 2142 324 2209; x_wconf 78' lang='lat' dir='ltr'><strong>philosophiae</strong></span> <span class='ocrx_word' id='word_1_227' title='bbox 346 2158 443 2208; x_wconf 77' lang='lat' dir='ltr'><strong>genere</strong></span> <span class='ocrx_word' id='word_1_228' title='bbox 460 2140 528 2191; x_wconf 80' lang='lat' dir='ltr'><strong>Edd.</strong></span> <span class='ocrx_word' id='word_1_229' title='bbox 544 2140 595 2192; x_wconf 81' lang='lat' dir='ltr'><strong>Ps.</strong></span> <span class='ocrx_word' id='word_1_230' title='bbox 618 2167 651 2179; x_wconf 90' lang='lat'>-</span> <span class='ocrx_word' id='word_1_231' title='bbox 677 2144 803 2209; x_wconf 82' lang='lat' dir='ltr'><strong>equibus</strong></span> <span class='ocrx_word' id='word_1_232' title='bbox 821 2140 855 2191; x_wconf 83' lang='grc' dir='ltr'><strong>ΙΙ.</strong></span> <span class='ocrx_word' id='word_1_233' title='bbox 961 2145 999 2191; x_wconf 78' lang='lat' dir='ltr'><strong>ld.</strong></span> <span class='ocrx_word' id='word_1_234' title='bbox 1031 2140 1095 2191; x_wconf 89' lang='lat' dir='ltr'><strong>lllos</strong></span> <span class='ocrx_word' id='word_1_235' title='bbox 1113 2142 1314 2207; x_wconf 81' lang='lat' dir='ltr'><strong>qaoqaeds&#39;to</strong></span> 
     </span>
     <span class='ocr_line' id='line_1_26' title="bbox 145 2207 1313 2275; baseline -0.003 -14"><span class='ocrx_word' id='word_1_236' title='bbox 145 2210 177 2261; x_wconf 87' lang='lat' dir='ltr'><strong>G.</strong></span> <span class='ocrx_word' id='word_1_237' title='bbox 194 2238 225 2248; x_wconf 89' lang='lat'>-</span> <span class='ocrx_word' id='word_1_238' title='bbox 245 2226 309 2275; x_wconf 89' lang='lat' dir='ltr'><strong>qaas</strong></span> <span class='ocrx_word' id='word_1_239' title='bbox 325 2208 497 2260; x_wconf 81' lang='lat' dir='ltr'><strong>Athenienses</strong></span> <span class='ocrx_word' id='word_1_240' title='bbox 515 2244 557 2259; x_wconf 93' lang='lat'><strong>...</strong></span> <span class='ocrx_word' id='word_1_241' title='bbox 582 2208 669 2260; x_wconf 85' lang='lat' dir='ltr'><strong>Coelio</strong></span> <span class='ocrx_word' id='word_1_242' title='bbox 684 2209 812 2275; x_wconf 89' lang='lat' dir='ltr'><strong>senatore]</strong></span> <span class='ocrx_word' id='word_1_243' title='bbox 832 2208 868 2258; x_wconf 81' lang='lat' dir='ltr'><strong>ci.</strong></span> <span class='ocrx_word' id='word_1_244' title='bbox 883 2208 957 2259; x_wconf 90' lang='lat' dir='ltr'><strong>Gell.</strong></span> <span class='ocrx_word' id='word_1_245' title='bbox 972 2207 1005 2258; x_wconf 69' lang='grc' dir='ltr'><strong>λ’.</strong></span> <span class='ocrx_word' id='word_1_246' title='bbox 1017 2210 1047 2258; x_wconf 79' lang='grc' dir='ltr'><strong>Α.</strong></span> <span class='ocrx_word' id='word_1_247' title='bbox 1060 2207 1119 2266; x_wconf 80' lang='lat' dir='ltr'><strong>tlt,</strong></span> <span class='ocrx_word' id='word_1_248' title='bbox 1138 2209 1177 2258; x_wconf 80' lang='lat'><strong>14.</strong></span> <span class='ocrx_word' id='word_1_249' title='bbox 1191 2209 1313 2272; x_wconf 69' lang='lat'><strong>§58-10.</strong></span> 
     </span>
     <span class='ocr_line' id='line_1_27' title="bbox 144 2275 1313 2345; baseline -0.003 -18"><span class='ocrx_word' id='word_1_250' title='bbox 144 2305 176 2313; x_wconf 89' lang='lat'><em>-</em></span> <span class='ocrx_word' id='word_1_251' title='bbox 205 2277 363 2343; x_wconf 82' lang='lat' dir='ltr'><strong>legaverant</strong></span> <span class='ocrx_word' id='word_1_252' title='bbox 389 2275 457 2327; x_wconf 87' lang='lat' dir='ltr'><strong>Mss.</strong></span> <span class='ocrx_word' id='word_1_253' title='bbox 478 2276 554 2326; x_wconf 87' lang='lat' dir='ltr'><strong>Gell.</strong></span> <span class='ocrx_word' id='word_1_254' title='bbox 579 2277 597 2326; x_wconf 93' lang='grc' dir='ltr'><strong>Ι.</strong></span> <span class='ocrx_word' id='word_1_255' title='bbox 615 2293 639 2326; x_wconf 85' lang='lat' dir='ltr'><strong>c.</strong></span> <span class='ocrx_word' id='word_1_256' title='bbox 674 2278 804 2345; x_wconf 73' lang='lat' dir='ltr'><strong>legerere</strong></span> <span class='ocrx_word' id='word_1_257' title='bbox 826 2293 886 2345; x_wconf 81' lang='lat' dir='ltr'><strong>t··g·</strong></span> <span class='ocrx_word' id='word_1_258' title='bbox 923 2277 1095 2344; x_wconf 82' lang='lat' dir='ltr'><strong>legaverant</strong></span> <span class='ocrx_word' id='word_1_259' title='bbox 1114 2275 1171 2325; x_wconf 91' lang='lat' dir='ltr'><strong>s·b.</strong></span> <span class='ocrx_word' id='word_1_260' title='bbox 1274 2280 1313 2325; x_wconf 83' lang='lat'><strong>15.</strong></span> 
     </span>
    </p>
   </div>
   <div class='ocr_carea' id='block_1_5' title="bbox 135 2442 1314 4570">
    <p class='ocr_par' dir='ltr' id='par_1_5' title="bbox 135 2442 1314 4570">
     <span class='ocr_line' id='line_1_28' title="bbox 143 2442 1314 2510; baseline -0.001 -18"><span class='ocrx_word' id='word_1_261' title='bbox 143 2443 258 2510; x_wconf 75' lang='lat' dir='ltr'><strong>gisteria</strong></span> <span class='ocrx_word' id='word_1_262' title='bbox 283 2442 414 2492; x_wconf 89' lang='lat' dir='ltr'><strong>dicuntur</strong></span> <span class='ocrx_word' id='word_1_263' title='bbox 439 2458 456 2492; x_wconf 83' lang='lat' dir='ltr'><strong>n</strong></span> <span class='ocrx_word' id='word_1_264' title='bbox 479 2442 614 2493; x_wconf 83' lang='lat' dir='ltr'><strong>cicerone</strong></span> <span class='ocrx_word' id='word_1_265' title='bbox 636 2444 656 2494; x_wconf 94' lang='grc' dir='ltr'><strong>Ι.</strong></span> <span class='ocrx_word' id='word_1_266' title='bbox 681 2462 705 2494; x_wconf 83' lang='lat' dir='ltr'><strong>e.</strong></span> <span class='ocrx_word' id='word_1_267' title='bbox 755 2444 805 2505; x_wconf 86' lang='lat' dir='ltr'><strong>eit)</strong></span> <span class='ocrx_word' id='word_1_268' title='bbox 829 2462 881 2495; x_wconf 87' lang='lat' dir='ltr'><strong>non</strong></span> <span class='ocrx_word' id='word_1_269' title='bbox 903 2442 1045 2509; x_wconf 81' lang='lat' dir='ltr'><strong>inlepidum</strong></span> <span class='ocrx_word' id='word_1_270' title='bbox 1065 2443 1217 2505; x_wconf 81' lang='lat' dir='ltr'><strong>serebatur,</strong></span> <span class='ocrx_word' id='word_1_271' title='bbox 1251 2448 1314 2507; x_wconf 91' lang='lat' dir='ltr'><strong>post</strong></span> 
     </span>
     <span class='ocr_line' id='line_1_29' title="bbox 144 2508 1313 2587; baseline -0.001 -28"><span class='ocrx_word' id='word_1_272' title='bbox 144 2510 177 2559; x_wconf 85' lang='lat' dir='ltr'><strong>nd</strong></span> <span class='ocrx_word' id='word_1_273' title='bbox 196 2508 209 2572; x_wconf 70' lang='grc'><strong>5</strong></span> <span class='ocrx_word' id='word_1_274' title='bbox 229 2512 279 2564; x_wconf 76' lang='grc' dir='ltr'><strong>ΙΙ..</strong></span> <span class='ocrx_word' id='word_1_275' title='bbox 298 2508 417 2558; x_wconf 78' lang='lat' dir='ltr'><strong>Horatio</strong></span> <span class='ocrx_word' id='word_1_276' title='bbox 429 2509 481 2558; x_wconf 81' lang='lat' dir='ltr'><strong>0d.</strong></span> <span class='ocrx_word' id='word_1_277' title='bbox 502 2508 523 2568; x_wconf 92' lang='lat' dir='ltr'><strong>l,</strong></span> <span class='ocrx_word' id='word_1_278' title='bbox 539 2512 565 2567; x_wconf 77' lang='lat'><strong>4,</strong></span> <span class='ocrx_word' id='word_1_279' title='bbox 582 2514 620 2559; x_wconf 83' lang='lat' dir='ltr'><strong>te.</strong></span> <span class='ocrx_word' id='word_1_280' title='bbox 640 2517 706 2559; x_wconf 83' lang='lat' dir='ltr'><strong>sunt</strong></span> <span class='ocrx_word' id='word_1_281' title='bbox 755 2511 841 2559; x_wconf 77' lang='lat' dir='ltr'><strong>acrba</strong></span> <span class='ocrx_word' id='word_1_282' title='bbox 862 2510 983 2559; x_wconf 87' lang='lat' dir='ltr'><strong>nrirendo</strong></span> <span class='ocrx_word' id='word_1_283' title='bbox 1003 2511 1059 2558; x_wconf 83' lang='lat' dir='ltr'><strong>etro</strong></span> <span class='ocrx_word' id='word_1_284' title='bbox 1077 2510 1203 2587; x_wconf 83' lang='lat' dir='ltr'><strong>proiecto</strong></span> <span class='ocrx_word' id='word_1_285' title='bbox 1220 2509 1313 2558; x_wconf 88' lang='lat' dir='ltr'><strong>locrsm</strong></span> 
     </span>
     <span class='ocr_line' id='line_1_30' title="bbox 143 2573 1313 2643; baseline 0.003 -20"><span class='ocrx_word' id='word_1_286' title='bbox 143 2591 230 2641; x_wconf 83' lang='lat' dir='ltr'><strong>regna</strong></span> <span class='ocrx_word' id='word_1_287' title='bbox 249 2574 320 2623; x_wconf 76' lang='lat' dir='ltr'><strong>einis</strong></span> <span class='ocrx_word' id='word_1_288' title='bbox 350 2581 378 2624; x_wconf 90' lang='lat' dir='ltr'><strong>et</strong></span> <span class='ocrx_word' id='word_1_289' title='bbox 398 2580 428 2622; x_wconf 89' lang='lat' dir='ltr'><strong>ut</strong></span> <span class='ocrx_word' id='word_1_290' title='bbox 452 2573 526 2622; x_wconf 90' lang='lat' dir='ltr'><strong>idem</strong></span> <span class='ocrx_word' id='word_1_291' title='bbox 544 2573 597 2623; x_wconf 90' lang='lat' dir='ltr'><strong>0d.</strong></span> <span class='ocrx_word' id='word_1_292' title='bbox 618 2575 660 2635; x_wconf 90' lang='lat' dir='ltr'><strong>ll,</strong></span> <span class='ocrx_word' id='word_1_293' title='bbox 677 2581 703 2635; x_wconf 83' lang='grc'><strong>7,</strong></span> <span class='ocrx_word' id='word_1_294' title='bbox 756 2590 807 2622; x_wconf 91' lang='lat' dir='ltr'><strong>non</strong></span> <span class='ocrx_word' id='word_1_295' title='bbox 824 2575 922 2623; x_wconf 86' lang='lat' dir='ltr'><strong>habet:</strong></span> <span class='ocrx_word' id='word_1_296' title='bbox 938 2582 966 2622; x_wconf 82' lang='lat' dir='ltr'><strong>et</strong></span> <span class='ocrx_word' id='word_1_297' title='bbox 982 2574 1244 2637; x_wconf 84' lang='lat' dir='ltr'><strong>requirrtnrnomcu</strong></span> <span class='ocrx_word' id='word_1_298' title='bbox 1263 2591 1313 2643; x_wconf 85' lang='lat' dir='ltr'><strong>pe·</strong></span> 
     </span>
     <span class='ocr_line' id='line_1_31' title="bbox 143 2637 1314 2706; baseline 0.002 -17"><span class='ocrx_word' id='word_1_299' title='bbox 143 2646 201 2690; x_wconf 62' lang='lat' dir='ltr'><strong>‘ihm</strong></span> <span class='ocrx_word' id='word_1_300' title='bbox 215 2656 300 2706; x_wconf 85' lang='lat' dir='ltr'><strong>qnem,</strong></span> <span class='ocrx_word' id='word_1_301' title='bbox 319 2637 420 2701; x_wconf 91' lang='lat' dir='ltr'><strong>inquit,</strong></span> <span class='ocrx_word' id='word_1_302' title='bbox 436 2640 523 2686; x_wconf 68' lang='lat' dir='ltr'><strong>henes</strong></span> <span class='ocrx_word' id='word_1_303' title='bbox 542 2640 703 2688; x_wconf 85' lang='lat' dir='ltr'><strong>arbitrem</strong></span> <span class='ocrx_word' id='word_1_304' title='bbox 755 2639 820 2697; x_wconf 85' lang='lat' dir='ltr'><strong>tris,</strong></span> <span class='ocrx_word' id='word_1_305' title='bbox 844 2640 880 2689; x_wconf 84' lang='lat' dir='ltr'><strong>cl.</strong></span> <span class='ocrx_word' id='word_1_306' title='bbox 900 2640 922 2699; x_wconf 94' lang='grc' dir='ltr'><strong>Ι,</strong></span> <span class='ocrx_word' id='word_1_307' title='bbox 940 2642 966 2695; x_wconf 79' lang='lat'><strong>2,</strong></span> <span class='ocrx_word' id='word_1_308' title='bbox 984 2642 1010 2687; x_wconf 82' lang='grc'><strong>3.</strong></span> <span class='ocrx_word' id='word_1_309' title='bbox 1029 2647 1053 2688; x_wconf 88' lang='lat' dir='ltr'><strong>et</strong></span> <span class='ocrx_word' id='word_1_310' title='bbox 1071 2655 1102 2689; x_wconf 77' lang='lat' dir='ltr'><strong>es</strong></span> <span class='ocrx_word' id='word_1_311' title='bbox 1119 2649 1197 2704; x_wconf 89' lang='lat' dir='ltr'><strong>patre</strong></span> <span class='ocrx_word' id='word_1_312' title='bbox 1216 2643 1314 2693; x_wconf 83' lang='lat' dir='ltr'><strong>Albino</strong></span> 
     </span>
     <span class='ocr_line' id='line_1_32' title="bbox 147 2702 1312 2772; baseline 0.002 -16"><span class='ocrx_word' id='word_1_313' title='bbox 147 2708 223 2756; x_wconf 82' lang='lat' dir='ltr'><strong>ltieet</strong></span> <span class='ocrx_word' id='word_1_314' title='bbox 246 2704 395 2757; x_wconf 82' lang='lat' dir='ltr'><strong>bibendi.</strong></span> <span class='ocrx_word' id='word_1_315' title='bbox 423 2702 563 2753; x_wconf 68' lang='lat' dir='ltr'><strong>latroianus</strong></span> <span class='ocrx_word' id='word_1_316' title='bbox 589 2703 700 2754; x_wconf 88' lang='lat' dir='ltr'><strong>Saturn.</strong></span> <span class='ocrx_word' id='word_1_317' title='bbox 753 2706 848 2754; x_wconf 87' lang='lat' dir='ltr'><strong>andire</strong></span> <span class='ocrx_word' id='word_1_318' title='bbox 865 2706 984 2770; x_wconf 89' lang='lat' dir='ltr'><strong>potuisti.</strong></span> <span class='ocrx_word' id='word_1_319' title='bbox 1028 2704 1152 2768; x_wconf 76' lang='lat' dir='ltr'><strong>lienique</strong></span> <span class='ocrx_word' id='word_1_320' title='bbox 1171 2709 1312 2772; x_wconf 73' lang='lat' dir='ltr'><strong>tenuatus,</strong></span> 
     </span>
     <span class='ocr_line' id='line_1_33' title="bbox 142 2761 1312 2836; baseline 0.003 -15"><span class='ocrx_word' id='word_1_321' title='bbox 142 2775 181 2821; x_wconf 74' lang='lat' dir='ltr'><strong>«hs</strong></span> <span class='ocrx_word' id='word_1_322' title='bbox 197 2767 236 2820; x_wconf 80' lang='grc' dir='ltr'><strong>ἔτι</strong></span> <span class='ocrx_word' id='word_1_323' title='bbox 250 2763 449 2835; x_wconf 74' lang='grc' dir='ltr'><strong><em>καὶβασιλέα</em></strong></span> <span class='ocrx_word' id='word_1_324' title='bbox 462 2762 504 2834; x_wconf 70' lang='grc' dir='ltr'><strong>ἐφ’</strong></span> <span class='ocrx_word' id='word_1_325' title='bbox 515 2761 703 2835; x_wconf 54' lang='lat' dir='ltr'><strong>detineam&amp;</strong></span> <span class='ocrx_word' id='word_1_326' title='bbox 753 2788 852 2821; x_wconf 83' lang='lat' dir='ltr'><strong>nornen</strong></span> <span class='ocrx_word' id='word_1_327' title='bbox 879 2770 1035 2836; x_wconf 87' lang='lat' dir='ltr'><strong>proprium,</strong></span> <span class='ocrx_word' id='word_1_328' title='bbox 1066 2771 1184 2821; x_wconf 79' lang='lat' dir='ltr'><strong>effertur</strong></span> <span class='ocrx_word' id='word_1_329' title='bbox 1209 2788 1241 2821; x_wconf 84' lang='lat' dir='ltr'><strong>ex</strong></span> <span class='ocrx_word' id='word_1_330' title='bbox 1267 2774 1312 2825; x_wconf 91' lang='lat' dir='ltr'><strong>in·</strong></span> 
     </span>
     <span class='ocr_line' id='line_1_34' title="bbox 140 2828 1312 2913; baseline 0.003 -25"><span class='ocrx_word' id='word_1_331' title='bbox 140 2832 240 2888; x_wconf 77' lang='grc' dir='ltr'><strong><em>νέσθαι</em></strong></span> <span class='ocrx_word' id='word_1_332' title='bbox 261 2834 300 2903; x_wconf 80' lang='grc' dir='ltr'><strong>τῷ</strong></span> <span class='ocrx_word' id='word_1_333' title='bbox 325 2828 487 2913; x_wconf 75' lang='lat' dir='ltr'><strong>daeqayoitrp</strong></span> <span class='ocrx_word' id='word_1_334' title='bbox 514 2831 700 2902; x_wconf 72' lang='lat' dir='ltr'><strong>sparsionem.</strong></span> <span class='ocrx_word' id='word_1_335' title='bbox 751 2837 951 2905; x_wconf 81' lang='lat' dir='ltr'><strong>scriptionibus</strong></span> <span class='ocrx_word' id='word_1_336' title='bbox 976 2837 1047 2899; x_wconf 81' lang='lat' dir='ltr'><strong>(sid.</strong></span> <span class='ocrx_word' id='word_1_337' title='bbox 1066 2836 1186 2888; x_wconf 80' lang='lat' dir='ltr'><strong>Foreell.</strong></span> <span class='ocrx_word' id='word_1_338' title='bbox 1211 2839 1264 2889; x_wconf 78' lang='lat' dir='ltr'><strong>lex.</strong></span> <span class='ocrx_word' id='word_1_339' title='bbox 1288 2860 1312 2891; x_wconf 89' lang='lat' dir='ltr'><strong>s.</strong></span> 
     </span>
     <span class='ocr_line' id='line_1_35' title="bbox 141 2902 1312 2973; baseline 0.003 -18"><span class='ocrx_word' id='word_1_340' title='bbox 141 2902 340 2955; x_wconf 85' lang='lat' dir='ltr'><strong>Saturnalibus</strong></span> <span class='ocrx_word' id='word_1_341' title='bbox 364 2902 462 2952; x_wconf 82' lang='lat' dir='ltr'><strong>diebus</strong></span> <span class='ocrx_word' id='word_1_342' title='bbox 485 2918 580 2968; x_wconf 79' lang='lat' dir='ltr'><strong>regem</strong></span> <span class='ocrx_word' id='word_1_343' title='bbox 605 2919 701 2969; x_wconf 88' lang='lat' dir='ltr'><strong>quom·</strong></span> <span class='ocrx_word' id='word_1_344' title='bbox 750 2904 778 2955; x_wconf 83' lang='lat' dir='ltr'><strong>b¹</strong></span> <span class='ocrx_word' id='word_1_345' title='bbox 798 2905 848 2969; x_wconf 72' lang='lat' dir='ltr'><strong>n),</strong></span> <span class='ocrx_word' id='word_1_346' title='bbox 865 2922 954 2970; x_wconf 87' lang='lat' dir='ltr'><strong>neque</strong></span> <span class='ocrx_word' id='word_1_347' title='bbox 969 2906 1062 2954; x_wconf 85' lang='lat' dir='ltr'><strong>obstat</strong></span> <span class='ocrx_word' id='word_1_348' title='bbox 1078 2904 1157 2955; x_wconf 88' lang='lat' dir='ltr'><strong>illius</strong></span> <span class='ocrx_word' id='word_1_349' title='bbox 1177 2908 1312 2973; x_wconf 85' lang='lat' dir='ltr'><strong>temporis</strong></span> 
     </span>
     <span class='ocr_line' id='line_1_36' title="bbox 142 2968 1312 3038; baseline 0.007 -20"><span class='ocrx_word' id='word_1_350' title='bbox 142 2970 217 3035; x_wconf 91' lang='lat' dir='ltr'><strong>piam</strong></span> <span class='ocrx_word' id='word_1_351' title='bbox 245 2985 308 3019; x_wconf 87' lang='lat' dir='ltr'><strong>esse</strong></span> <span class='ocrx_word' id='word_1_352' title='bbox 330 2968 509 3034; x_wconf 75' lang='lat' dir='ltr'><strong>designatum</strong></span> <span class='ocrx_word' id='word_1_353' title='bbox 534 2986 566 3019; x_wconf 83' lang='lat' dir='ltr'><strong>ex</strong></span> <span class='ocrx_word' id='word_1_354' title='bbox 591 2970 701 3020; x_wconf 78' lang='lat' dir='ltr'><strong>Arrian.</strong></span> <span class='ocrx_word' id='word_1_355' title='bbox 752 2988 825 3034; x_wconf 87' lang='lat' dir='ltr'><strong>mos,</strong></span> <span class='ocrx_word' id='word_1_356' title='bbox 842 2972 990 3037; x_wconf 88' lang='lat' dir='ltr'><strong>quominus</strong></span> <span class='ocrx_word' id='word_1_357' title='bbox 1007 2970 1137 3024; x_wconf 77' lang='lat' dir='ltr'><strong>Flaviani</strong></span> <span class='ocrx_word' id='word_1_358' title='bbox 1157 2974 1229 3038; x_wconf 89' lang='lat' dir='ltr'><strong>patri</strong></span> <span class='ocrx_word' id='word_1_359' title='bbox 1249 2975 1312 3025; x_wconf 84' lang='lat' dir='ltr'><strong>iuc-</strong></span> 
     </span>
     <span class='ocr_line' id='line_1_37' title="bbox 142 3034 1050 3101; baseline 0.001 -14"><span class='ocrx_word' id='word_1_360' title='bbox 142 3039 170 3087; x_wconf 92' lang='lat' dir='ltr'><strong>in</strong></span> <span class='ocrx_word' id='word_1_361' title='bbox 186 3034 306 3101; x_wconf 80' lang='lat' dir='ltr'><strong>Epictot.</strong></span> <span class='ocrx_word' id='word_1_362' title='bbox 324 3036 350 3097; x_wconf 85' lang='lat' dir='ltr'><strong>l,</strong></span> <span class='ocrx_word' id='word_1_363' title='bbox 369 3039 417 3096; x_wconf 77' lang='lat'><strong>25,</strong></span> <span class='ocrx_word' id='word_1_364' title='bbox 434 3053 458 3101; x_wconf 91' lang='lat' dir='ltr'><strong>p.</strong></span> <span class='ocrx_word' id='word_1_365' title='bbox 478 3040 521 3087; x_wconf 75' lang='grc'><strong>97.</strong></span> <span class='ocrx_word' id='word_1_366' title='bbox 541 3036 636 3087; x_wconf 89' lang='lat' dir='ltr'><strong>decuit</strong></span> <span class='ocrx_word' id='word_1_367' title='bbox 654 3036 701 3087; x_wconf 74' lang='grc' dir='ltr'><strong>(Ιί-</strong></span> <span class='ocrx_word' id='word_1_368' title='bbox 752 3040 790 3090; x_wconf 89' lang='lat' dir='ltr'><strong>rit</strong></span> <span class='ocrx_word' id='word_1_369' title='bbox 804 3057 902 3091; x_wconf 72' lang='lat' dir='ltr'><strong>nisinen</strong></span> <span class='ocrx_word' id='word_1_370' title='bbox 920 3041 1050 3090; x_wconf 69' lang='lat' dir='ltr'><strong>Venusto.</strong></span> 
     </span>
     <span class='ocr_line' id='line_1_38' title="bbox 142 3102 1310 3173; baseline 0.004 -20"><span class='ocrx_word' id='word_1_371' title='bbox 142 3104 206 3153; x_wconf 81' lang='lat' dir='ltr'><strong>lena</strong></span> <span class='ocrx_word' id='word_1_372' title='bbox 226 3104 305 3153; x_wconf 77' lang='lat' dir='ltr'><strong>rtem.</strong></span> <span class='ocrx_word' id='word_1_373' title='bbox 323 3102 444 3153; x_wconf 78' lang='lat' dir='ltr'><strong>Alterth.</strong></span> <span class='ocrx_word' id='word_1_374' title='bbox 463 3102 514 3163; x_wconf 93' lang='grc' dir='ltr'>ΙΙΙ,</span> <span class='ocrx_word' id='word_1_375' title='bbox 532 3120 559 3170; x_wconf 87' lang='lat' dir='ltr'><strong>p.</strong></span> <span class='ocrx_word' id='word_1_376' title='bbox 576 3106 637 3153; x_wconf 72' lang='lat'><strong>845.</strong></span> <span class='ocrx_word' id='word_1_377' title='bbox 655 3103 700 3154; x_wconf 79' lang='lat' dir='ltr'><strong>Ci-</strong></span> <span class='ocrx_word' id='word_1_378' title='bbox 784 3106 913 3171; x_wconf 85' lang='lat' dir='ltr'><strong>adseruit]</strong></span> <span class='ocrx_word' id='word_1_379' title='bbox 933 3106 985 3157; x_wconf 88' lang='lat' dir='ltr'><strong>i.e.</strong></span> <span class='ocrx_word' id='word_1_380' title='bbox 1002 3104 1310 3173; x_wconf 81' lang='lat' dir='ltr'><strong>dernonslrerit,quem</strong></span> 
     </span>
     <span class='ocr_line' id='line_1_39' title="bbox 141 3168 1310 3236; baseline 0.003 -16"><span class='ocrx_word' id='word_1_381' title='bbox 141 3170 298 3234; x_wconf 73' lang='lat' dir='ltr'><strong>Boettiger.</strong></span> <span class='ocrx_word' id='word_1_382' title='bbox 316 3168 417 3220; x_wconf 81' lang='lat' dir='ltr'><strong>liteiue</strong></span> <span class='ocrx_word' id='word_1_383' title='bbox 434 3168 578 3221; x_wconf 78' lang='lat' dir='ltr'><strong>Schriften</strong></span> <span class='ocrx_word' id='word_1_384' title='bbox 599 3171 649 3221; x_wconf 93' lang='grc' dir='ltr'><strong>ΙΙΙ.</strong></span> <span class='ocrx_word' id='word_1_385' title='bbox 674 3189 700 3236; x_wconf 88' lang='lat' dir='ltr'><strong>p.</strong></span> <span class='ocrx_word' id='word_1_386' title='bbox 750 3171 835 3224; x_wconf 79' lang='lat' dir='ltr'><strong>buiris</strong></span> <span class='ocrx_word' id='word_1_387' title='bbox 861 3173 939 3223; x_wconf 77' lang='lat' dir='ltr'><strong>verbi</strong></span> <span class='ocrx_word' id='word_1_388' title='bbox 963 3172 1018 3223; x_wconf 80' lang='lat' dir='ltr'><strong>rim</strong></span> <span class='ocrx_word' id='word_1_389' title='bbox 1048 3190 1064 3224; x_wconf 89' lang='lat' dir='ltr'><strong>a</strong></span> <span class='ocrx_word' id='word_1_390' title='bbox 1091 3173 1227 3223; x_wconf 84' lang='lat' dir='ltr'><strong>hlecrohii</strong></span> <span class='ocrx_word' id='word_1_391' title='bbox 1257 3191 1310 3224; x_wconf 82' lang='lat' dir='ltr'><strong>aeri</strong></span> 
     </span>
     <span class='ocr_line' id='line_1_40' title="bbox 141 3236 1310 3307; baseline 0.006 -23"><span class='ocrx_word' id='word_1_392' title='bbox 141 3240 194 3285; x_wconf 72' lang='lat'><strong>212</strong></span> <span class='ocrx_word' id='word_1_393' title='bbox 211 3252 318 3299; x_wconf 90' lang='lat' dir='ltr'><strong>sqq.-</strong></span> <span class='ocrx_word' id='word_1_394' title='bbox 345 3239 493 3288; x_wconf 78' lang='lat' dir='ltr'><strong>Consentes</strong></span> <span class='ocrx_word' id='word_1_395' title='bbox 512 3254 602 3305; x_wconf 80' lang='lat' dir='ltr'><strong>regern</strong></span> <span class='ocrx_word' id='word_1_396' title='bbox 617 3236 700 3304; x_wconf 78' lang='lat' dir='ltr'><strong>Sym·</strong></span> <span class='ocrx_word' id='word_1_397' title='bbox 751 3240 821 3303; x_wconf 80' lang='lat' dir='ltr'><strong>(rid.</strong></span> <span class='ocrx_word' id='word_1_398' title='bbox 839 3242 968 3307; x_wconf 75' lang='lat' dir='ltr'><strong>prologg.</strong></span> <span class='ocrx_word' id='word_1_399' title='bbox 986 3258 1011 3307; x_wconf 90' lang='lat' dir='ltr'><strong>p.</strong></span> <span class='ocrx_word' id='word_1_400' title='bbox 1027 3256 1107 3289; x_wconf 84' lang='lat' dir='ltr'><strong>xnrrs.</strong></span> <span class='ocrx_word' id='word_1_401' title='bbox 1123 3240 1179 3305; x_wconf 90' lang='lat' dir='ltr'><strong>sq.)</strong></span> <span class='ocrx_word' id='word_1_402' title='bbox 1194 3240 1310 3291; x_wconf 87' lang='lat' dir='ltr'><strong>minime</strong></span> 
     </span>
     <span class='ocr_line' id='line_1_41' title="bbox 142 3300 1309 3359; baseline 0.005 -7"><span class='ocrx_word' id='word_1_403' title='bbox 142 3300 259 3352; x_wconf 89' lang='lat' dir='ltr'><strong>mechus</strong></span> <span class='ocrx_word' id='word_1_404' title='bbox 278 3301 347 3352; x_wconf 88' lang='lat' dir='ltr'><strong>dicit</strong></span> <span class='ocrx_word' id='word_1_405' title='bbox 364 3302 585 3355; x_wconf 83' lang='lat' dir='ltr'><strong>Praetextatnns.</strong></span> <span class='ocrx_word' id='word_1_406' title='bbox 750 3308 947 3359; x_wconf 79' lang='lat' dir='ltr'><strong>abhorrentem</strong></span> <span class='ocrx_word' id='word_1_407' title='bbox 985 3306 1138 3357; x_wconf 79' lang='lat' dir='ltr'><strong>oll&#39;endisse</strong></span> <span class='ocrx_word' id='word_1_408' title='bbox 1173 3307 1309 3358; x_wconf 80' lang='lat' dir='ltr'><strong>Zeunium</strong></span> 
     </span>
     <span class='ocr_line' id='line_1_42' title="bbox 176 3371 847 3437; baseline 0.007 -19"><span class='ocrx_word' id='word_1_409' title='bbox 176 3375 304 3434; x_wconf 80' lang='lat' dir='ltr'><strong>quantum</strong></span> <span class='ocrx_word' id='word_1_410' title='bbox 343 3371 378 3420; x_wconf 88' lang='lat' dir='ltr'><strong>sit</strong></span> <span class='ocrx_word' id='word_1_411' title='bbox 507 3371 699 3437; x_wconf 85' lang='lat' dir='ltr'><strong>praestantior]</strong></span> <span class='ocrx_word' id='word_1_412' title='bbox 752 3374 847 3425; x_wconf 88' lang='lat' dir='ltr'><strong>miror.</strong></span> 
     </span>
     <span class='ocr_line' id='line_1_43' title="bbox 141 3434 1309 3505; baseline 0.001 -19"><span class='ocrx_word' id='word_1_413' title='bbox 141 3434 322 3500; x_wconf 79' lang='lat' dir='ltr'><strong>scripserunt</strong></span> <span class='ocrx_word' id='word_1_414' title='bbox 340 3444 442 3501; x_wconf 81' lang='lat' dir='ltr'><strong>quanto</strong></span> <span class='ocrx_word' id='word_1_415' title='bbox 461 3437 509 3501; x_wconf 86' lang='lat' dir='ltr'><strong>qui</strong></span> <span class='ocrx_word' id='word_1_416' title='bbox 534 3442 702 3501; x_wconf 81' lang='lat' dir='ltr'><strong>putaverunt</strong></span> <span class='ocrx_word' id='word_1_417' title='bbox 784 3440 967 3501; x_wconf 65' lang='lat' dir='ltr'><strong>defensionem</strong></span> <span class='ocrx_word' id='word_1_418' title='bbox 985 3436 1154 3505; x_wconf 75' lang='lat' dir='ltr'><strong>dignatione]</strong></span> <span class='ocrx_word' id='word_1_419' title='bbox 1174 3437 1224 3489; x_wconf 80' lang='lat' dir='ltr'><strong>Est</strong></span> <span class='ocrx_word' id='word_1_420' title='bbox 1240 3437 1309 3487; x_wconf 89' lang='lat' dir='ltr'><strong>hoc:</strong></span> 
     </span>
     <span class='ocr_line' id='line_1_44' title="bbox 141 3501 1309 3574; baseline 0.002 -21"><span class='ocrx_word' id='word_1_421' title='bbox 141 3510 278 3569; x_wconf 82' lang='lat' dir='ltr'><strong>qnantum</strong></span> <span class='ocrx_word' id='word_1_422' title='bbox 315 3501 394 3571; x_wconf 76' lang='lat' dir='ltr'><strong>iungi</strong></span> <span class='ocrx_word' id='word_1_423' title='bbox 429 3519 484 3554; x_wconf 90' lang='lat' dir='ltr'><strong>non</strong></span> <span class='ocrx_word' id='word_1_424' title='bbox 521 3520 603 3569; x_wconf 89' lang='lat' dir='ltr'><strong>posse</strong></span> <span class='ocrx_word' id='word_1_425' title='bbox 636 3522 700 3557; x_wconf 88' lang='lat' dir='ltr'><strong>eam</strong></span> <span class='ocrx_word' id='word_1_426' title='bbox 750 3506 927 3574; x_wconf 86' lang='lat' dir='ltr'><strong>„praeclaris</strong></span> <span class='ocrx_word' id='word_1_427' title='bbox 958 3520 1106 3557; x_wconf 82' lang='lat' dir='ltr'><strong>censerem</strong></span> <span class='ocrx_word' id='word_1_428' title='bbox 1139 3504 1309 3555; x_wconf 86' lang='lat' dir='ltr'><strong>detensioni-</strong></span> 
     </span>
     <span class='ocr_line' id='line_1_45' title="bbox 141 3566 1308 3637; baseline 0.003 -20"><span class='ocrx_word' id='word_1_429' title='bbox 141 3566 347 3635; x_wconf 78' lang='lat' dir='ltr'><strong>comparativo:</strong></span> <span class='ocrx_word' id='word_1_430' title='bbox 367 3570 415 3621; x_wconf 87' lang='lat' dir='ltr'><strong>sed</strong></span> <span class='ocrx_word' id='word_1_431' title='bbox 432 3585 485 3620; x_wconf 88' lang='lat' dir='ltr'><strong>non</strong></span> <span class='ocrx_word' id='word_1_432' title='bbox 502 3586 567 3622; x_wconf 79' lang='lat' dir='ltr'><strong>raro</strong></span> <span class='ocrx_word' id='word_1_433' title='bbox 584 3570 639 3623; x_wconf 88' lang='lat' dir='ltr'><strong>boe</strong></span> <span class='ocrx_word' id='word_1_434' title='bbox 658 3572 701 3623; x_wconf 89' lang='lat' dir='ltr'><strong>in·</strong></span> <span class='ocrx_word' id='word_1_435' title='bbox 751 3574 833 3637; x_wconf 66' lang='lat' dir='ltr'><strong>bns‘t,</strong></span> <span class='ocrx_word' id='word_1_436' title='bbox 850 3580 882 3624; x_wconf 84' lang='lat' dir='ltr'><strong>nt</strong></span> <span class='ocrx_word' id='word_1_437' title='bbox 898 3570 940 3624; x_wconf 81' lang='lat' dir='ltr'><strong>sit</strong></span> <span class='ocrx_word' id='word_1_438' title='bbox 958 3570 1073 3624; x_wconf 87' lang='lat' dir='ltr'><strong>Sueten.</strong></span> <span class='ocrx_word' id='word_1_439' title='bbox 1091 3569 1171 3637; x_wconf 82' lang='lat' dir='ltr'><strong>Vesp.</strong></span> <span class='ocrx_word' id='word_1_440' title='bbox 1188 3574 1214 3620; x_wconf 77' lang='lat' dir='ltr'><strong>t.</strong></span> <span class='ocrx_word' id='word_1_441' title='bbox 1231 3574 1308 3636; x_wconf 72' lang='lat' dir='ltr'><strong>Afri-</strong></span> 
     </span>
     <span class='ocr_line' id='line_1_46' title="bbox 142 3635 1307 3708; baseline 0.004 -25"><span class='ocrx_word' id='word_1_442' title='bbox 142 3635 231 3688; x_wconf 83' lang='lat' dir='ltr'><strong>veniri</strong></span> <span class='ocrx_word' id='word_1_443' title='bbox 275 3637 349 3702; x_wconf 91' lang='lat' dir='ltr'><strong>apud</strong></span> <span class='ocrx_word' id='word_1_444' title='bbox 390 3636 557 3702; x_wconf 88' lang='lat' dir='ltr'><strong>posterioris</strong></span> <span class='ocrx_word' id='word_1_445' title='bbox 597 3638 701 3691; x_wconf 78' lang='lat' dir='ltr'><strong>semeis</strong></span> <span class='ocrx_word' id='word_1_446' title='bbox 750 3658 809 3693; x_wconf 82' lang='lat' dir='ltr'><strong>ears</strong></span> <span class='ocrx_word' id='word_1_447' title='bbox 833 3639 1002 3708; x_wconf 76' lang='lat' dir='ltr'><strong>integerrime</strong></span> <span class='ocrx_word' id='word_1_448' title='bbox 1022 3637 1159 3691; x_wconf 78' lang='lat' dir='ltr'><strong>sensisse</strong></span> <span class='ocrx_word' id='word_1_449' title='bbox 1184 3655 1307 3705; x_wconf 80' lang='lat' dir='ltr'><strong>magna</strong></span> 
     </span>
     <span class='ocr_line' id='line_1_47' title="bbox 140 3702 1307 3776; baseline 0.003 -25"><span class='ocrx_word' id='word_1_450' title='bbox 140 3704 294 3768; x_wconf 83' lang='lat' dir='ltr'><strong>scriptores</strong></span> <span class='ocrx_word' id='word_1_451' title='bbox 312 3704 406 3754; x_wconf 87' lang='lat' dir='ltr'><strong>docuit</strong></span> <span class='ocrx_word' id='word_1_452' title='bbox 424 3703 456 3754; x_wconf 61' lang='grc' dir='ltr'><strong>ΙΙ.</strong></span> <span class='ocrx_word' id='word_1_453' title='bbox 476 3702 600 3756; x_wconf 77' lang='lat' dir='ltr'><strong>Hessius</strong></span> <span class='ocrx_word' id='word_1_454' title='bbox 618 3705 702 3767; x_wconf 76' lang='lat' dir='ltr'><strong>(ttei-</strong></span> <span class='ocrx_word' id='word_1_455' title='bbox 751 3709 955 3776; x_wconf 74' lang='lat' dir='ltr'><strong>dignatione</strong></span> <span class='ocrx_word' id='word_1_456' title='bbox 992 3704 1204 3765; x_wconf 75' lang='lat' dir='ltr'><strong>administravit,</strong></span> <span class='ocrx_word' id='word_1_457' title='bbox 1251 3705 1307 3755; x_wconf 86' lang='lat' dir='ltr'><strong>nisi</strong></span> 
     </span>
     <span class='ocr_line' id='line_1_48' title="bbox 140 3770 1308 3853; baseline 0.003 -35"><span class='ocrx_word' id='word_1_458' title='bbox 140 3770 195 3833; x_wconf 72' lang='lat' dir='ltr'><strong>sip.</strong></span> <span class='ocrx_word' id='word_1_459' title='bbox 207 3771 255 3820; x_wconf 86' lang='lat' dir='ltr'><strong>lat.</strong></span> <span class='ocrx_word' id='word_1_460' title='bbox 265 3770 539 3835; x_wconf 83' lang='lat' dir='ltr'><strong>Spmehwissenseh.</strong></span> <span class='ocrx_word' id='word_1_461' title='bbox 551 3777 608 3823; x_wconf 88' lang='lat' dir='ltr'><strong>not.</strong></span> <span class='ocrx_word' id='word_1_462' title='bbox 617 3773 701 3853; x_wconf 77' lang='lat' dir='ltr'><strong>eoo).</strong></span> <span class='ocrx_word' id='word_1_463' title='bbox 751 3775 824 3825; x_wconf 81' lang='lat' dir='ltr'><strong>terte</strong></span> <span class='ocrx_word' id='word_1_464' title='bbox 841 3772 932 3826; x_wconf 83' lang='lat' dir='ltr'><strong>mavis</strong></span> <span class='ocrx_word' id='word_1_465' title='bbox 946 3772 1074 3823; x_wconf 86' lang='lat' dir='ltr'><strong>conterre</strong></span> <span class='ocrx_word' id='word_1_466' title='bbox 1087 3770 1110 3831; x_wconf 92' lang='grc' dir='ltr'><strong>Ι,</strong></span> <span class='ocrx_word' id='word_1_467' title='bbox 1121 3772 1148 3831; x_wconf 78' lang='lat'><strong>³,</strong></span> <span class='ocrx_word' id='word_1_468' title='bbox 1160 3772 1183 3821; x_wconf 88' lang='lat' dir='ltr'><strong>l.</strong></span> <span class='ocrx_word' id='word_1_469' title='bbox 1199 3787 1233 3820; x_wconf 91' lang='lat' dir='ltr'><strong>ne</strong></span> <span class='ocrx_word' id='word_1_470' title='bbox 1248 3773 1308 3836; x_wconf 81' lang='lat' dir='ltr'><strong>quis</strong></span> 
     </span>
     <span class='ocr_line' id='line_1_49' title="bbox 175 3836 1306 3907; baseline 0.002 -22"><span class='ocrx_word' id='word_1_471' title='bbox 175 3836 296 3886; x_wconf 83' lang='lat' dir='ltr'><strong>mirando</strong></span> <span class='ocrx_word' id='word_1_472' title='bbox 312 3839 369 3888; x_wconf 82' lang='lat' dir='ltr'><strong>otro</strong></span> <span class='ocrx_word' id='word_1_473' title='bbox 386 3840 502 3889; x_wconf 70' lang='lat' dir='ltr'><strong>Venusto</strong></span> <span class='ocrx_word' id='word_1_474' title='bbox 516 3838 606 3907; x_wconf 82' lang='lat' dir='ltr'><strong>petre]</strong></span> <span class='ocrx_word' id='word_1_475' title='bbox 622 3838 701 3890; x_wconf 83' lang='lat' dir='ltr'><strong>Scri·</strong></span> <span class='ocrx_word' id='word_1_476' title='bbox 749 3857 791 3892; x_wconf 87' lang='lat' dir='ltr'><strong>sne</strong></span> <span class='ocrx_word' id='word_1_477' title='bbox 812 3842 931 3893; x_wconf 71' lang='lat' dir='ltr'><strong>aestimet</strong></span> <span class='ocrx_word' id='word_1_478' title='bbox 954 3836 1149 3905; x_wconf 77' lang='lat' dir='ltr'><strong>dignatione</strong></span> <span class='ocrx_word' id='word_1_479' title='bbox 1176 3840 1306 3887; x_wconf 79' lang='lat' dir='ltr'><strong>eonsul-</strong></span> 
     </span>
     <span class='ocr_line' id='line_1_50' title="bbox 141 3900 1306 3971; baseline 0.003 -22"><span class='ocrx_word' id='word_1_480' title='bbox 141 3900 235 3949; x_wconf 85' lang='lat' dir='ltr'><strong>rerius</strong></span> <span class='ocrx_word' id='word_1_481' title='bbox 267 3901 337 3951; x_wconf 90' lang='lat' dir='ltr'><strong>mihi</strong></span> <span class='ocrx_word' id='word_1_482' title='bbox 371 3904 513 3968; x_wconf 83' lang='lat' dir='ltr'><strong>persuasit</strong></span> <span class='ocrx_word' id='word_1_483' title='bbox 543 3912 575 3955; x_wconf 86' lang='lat' dir='ltr'><strong>at</strong></span> <span class='ocrx_word' id='word_1_484' title='bbox 608 3906 698 3956; x_wconf 72' lang='lat' dir='ltr'><strong>Verres·</strong></span> <span class='ocrx_word' id='word_1_485' title='bbox 749 3909 894 3959; x_wconf 85' lang='lat' dir='ltr'><strong>tationis</strong></span> <span class='ocrx_word' id='word_1_486' title='bbox 934 3906 1037 3965; x_wconf 79' lang='lat' dir='ltr'><strong>reveri,</strong></span> <span class='ocrx_word' id='word_1_487' title='bbox 1060 3908 1145 3967; x_wconf 78' lang='lat' dir='ltr'><strong>etque</strong></span> <span class='ocrx_word' id='word_1_488' title='bbox 1166 3902 1306 3971; x_wconf 84' lang='lat' dir='ltr'><strong>interpre-</strong></span> 
     </span>
     <span class='ocr_line' id='line_1_51' title="bbox 141 3922 1307 4039; baseline 0.006 -25"><span class='ocrx_word' id='word_1_489' title='bbox 141 3974 180 4015; x_wconf 86' lang='lat' dir='ltr'><strong>sto</strong></span> <span class='ocrx_word' id='word_1_490' title='bbox 204 3965 338 4016; x_wconf 84' lang='lat' dir='ltr'><strong>haberem</strong></span> <span class='ocrx_word' id='word_1_491' title='bbox 362 3985 412 4035; x_wconf 87' lang='lat' dir='ltr'><strong>pro</strong></span> <span class='ocrx_word' id='word_1_492' title='bbox 437 3970 549 4022; x_wconf 82' lang='lat' dir='ltr'><strong>nomine</strong></span> <span class='ocrx_word' id='word_1_493' title='bbox 575 3971 699 4039; x_wconf 87' lang='lat' dir='ltr'><strong>proprio.</strong></span> <span class='ocrx_word' id='word_1_494' title='bbox 749 3973 817 4025; x_wconf 86' lang='lat' dir='ltr'><strong>teri:</strong></span> <span class='ocrx_word' id='word_1_495' title='bbox 838 3922 934 4039; x_wconf 63' lang='lat' dir='ltr'><strong>„quoh</strong></span> <span class='ocrx_word' id='word_1_496' title='bbox 950 3986 1004 4022; x_wconf 85' lang='lat' dir='ltr'><strong>non</strong></span> <span class='ocrx_word' id='word_1_497' title='bbox 1021 3967 1190 4035; x_wconf 75' lang='lat' dir='ltr'><strong>dedignetur</strong></span> <span class='ocrx_word' id='word_1_498' title='bbox 1206 3986 1307 4023; x_wconf 87' lang='lat' dir='ltr'><strong>eeases</strong></span> 
     </span>
     <span class='ocr_line' id='line_1_52' title="bbox 141 4032 1052 4101; baseline 0.007 -22"><span class='ocrx_word' id='word_1_499' title='bbox 141 4032 180 4080; x_wconf 80' lang='lat' dir='ltr'><strong>nd</strong></span> <span class='ocrx_word' id='word_1_500' title='bbox 200 4032 289 4082; x_wconf 89' lang='lat' dir='ltr'><strong>libros</strong></span> <span class='ocrx_word' id='word_1_501' title='bbox 306 4048 389 4093; x_wconf 72' lang='lat' dir='ltr'><strong>mse,</strong></span> <span class='ocrx_word' id='word_1_502' title='bbox 415 4032 444 4087; x_wconf 84' lang='lat' dir='ltr'><strong>irs</strong></span> <span class='ocrx_word' id='word_1_503' title='bbox 465 4036 566 4101; x_wconf 85' lang='lat' dir='ltr'><strong>quibus</strong></span> <span class='ocrx_word' id='word_1_504' title='bbox 586 4038 698 4090; x_wconf 86' lang='lat' dir='ltr'><strong>nomine</strong></span> <span class='ocrx_word' id='word_1_505' title='bbox 748 4040 899 4092; x_wconf 72' lang='lat' dir='ltr'><strong>defendere</strong></span> <span class='ocrx_word' id='word_1_506' title='bbox 916 4037 944 4088; x_wconf 86' lang='lat' dir='ltr'><strong>in</strong></span> <span class='ocrx_word' id='word_1_507' title='bbox 962 4036 1052 4087; x_wconf 87' lang='lat' dir='ltr'><strong>iorn.“</strong></span> 
     </span>
     <span class='ocr_line' id='line_1_53' title="bbox 140 4097 1303 4177; baseline 0.005 -31"><span class='ocrx_word' id='word_1_508' title='bbox 140 4097 254 4177; x_wconf 73' lang='lat' dir='ltr'><strong>prqprin</strong></span> <span class='ocrx_word' id='word_1_509' title='bbox 291 4114 344 4149; x_wconf 87' lang='lat' dir='ltr'><strong>nen</strong></span> <span class='ocrx_word' id='word_1_510' title='bbox 379 4098 572 4169; x_wconf 72' lang='lat' dir='ltr'><strong>inslgniantar</strong></span> <span class='ocrx_word' id='word_1_511' title='bbox 605 4104 698 4156; x_wconf 84' lang='lat' dir='ltr'><strong>literis</strong></span> <span class='ocrx_word' id='word_1_512' title='bbox 782 4102 1043 4173; x_wconf 63' lang='lat' dir='ltr'><strong>peritomen-est]</strong></span> <span class='ocrx_word' id='word_1_513' title='bbox 1067 4101 1129 4153; x_wconf 77' lang='lat' dir='ltr'><strong>Vid.</strong></span> <span class='ocrx_word' id='word_1_514' title='bbox 1146 4103 1258 4155; x_wconf 75' lang='lat' dir='ltr'><strong>noted</strong></span> <span class='ocrx_word' id='word_1_515' title='bbox 1278 4120 1303 4153; x_wconf 90' lang='lat' dir='ltr'><strong>c.</strong></span> 
     </span>
     <span class='ocr_line' id='line_1_54' title="bbox 139 4164 867 4237; baseline 0.014 -24"><span class='ocrx_word' id='word_1_516' title='bbox 139 4164 302 4224; x_wconf 80' lang='lat' dir='ltr'><strong>meroribus,</strong></span> <span class='ocrx_word' id='word_1_517' title='bbox 315 4164 340 4215; x_wconf 90' lang='lat' dir='ltr'><strong>si</strong></span> <span class='ocrx_word' id='word_1_518' title='bbox 353 4174 524 4233; x_wconf 86' lang='lat' dir='ltr'><strong>spectamus,</strong></span> <span class='ocrx_word' id='word_1_519' title='bbox 535 4170 607 4223; x_wconf 87' lang='lat' dir='ltr'><strong>hese</strong></span> <span class='ocrx_word' id='word_1_520' title='bbox 618 4171 698 4222; x_wconf 82' lang='lat' dir='ltr'><strong>nulls</strong></span> <span class='ocrx_word' id='word_1_521' title='bbox 747 4176 773 4223; x_wconf 86' lang='lat' dir='ltr'><strong>e.</strong></span> <span class='ocrx_word' id='word_1_522' title='bbox 793 4170 806 4237; x_wconf 66' lang='grc'><strong>5</strong></span> <span class='ocrx_word' id='word_1_523' title='bbox 827 4177 867 4223; x_wconf 80' lang='lat' dir='ltr'><strong>td.</strong></span> 
     </span>
     <span class='ocr_line' id='line_1_55' title="bbox 139 4229 1304 4307; baseline 0.003 -28"><span class='ocrx_word' id='word_1_524' title='bbox 139 4237 182 4281; x_wconf 88' lang='lat' dir='ltr'><strong>est</strong></span> <span class='ocrx_word' id='word_1_525' title='bbox 217 4229 344 4283; x_wconf 78' lang='lat' dir='ltr'><strong>mutatio.</strong></span> <span class='ocrx_word' id='word_1_526' title='bbox 396 4232 571 4289; x_wconf 71' lang='lat' dir='ltr'><strong>Adiectisnm</strong></span> <span class='ocrx_word' id='word_1_527' title='bbox 603 4244 697 4289; x_wconf 86' lang='lat' dir='ltr'><strong>entem</strong></span> <span class='ocrx_word' id='word_1_528' title='bbox 783 4242 823 4289; x_wconf 79' lang='lat'><strong>14.</strong></span> <span class='ocrx_word' id='word_1_529' title='bbox 858 4254 937 4307; x_wconf 83' lang='lat' dir='ltr'><strong>qeesr</strong></span> <span class='ocrx_word' id='word_1_530' title='bbox 957 4274 981 4289; x_wconf 91' lang='lat'><strong>..</strong></span> <span class='ocrx_word' id='word_1_531' title='bbox 997 4234 1113 4301; x_wconf 73' lang='lat' dir='ltr'><strong>sereret]</strong></span> <span class='ocrx_word' id='word_1_532' title='bbox 1137 4234 1200 4285; x_wconf 77' lang='lat' dir='ltr'><strong>liae</strong></span> <span class='ocrx_word' id='word_1_533' title='bbox 1218 4232 1304 4283; x_wconf 82' lang='lat' dir='ltr'><strong>serbe</strong></span> 
     </span>
     <span class='ocr_line' id='line_1_56' title="bbox 138 4298 1305 4371; baseline 0.002 -25"><span class='ocrx_word' id='word_1_534' title='bbox 138 4306 276 4363; x_wconf 73' lang='lat' dir='ltr'><strong>senentes,</strong></span> <span class='ocrx_word' id='word_1_535' title='bbox 291 4298 346 4349; x_wconf 89' lang='lat' dir='ltr'><strong>etsi</strong></span> <span class='ocrx_word' id='word_1_536' title='bbox 366 4298 505 4353; x_wconf 83' lang='lat' dir='ltr'><strong>interdum</strong></span> <span class='ocrx_word' id='word_1_537' title='bbox 527 4303 601 4355; x_wconf 87' lang='lat' dir='ltr'><strong>idem</strong></span> <span class='ocrx_word' id='word_1_538' title='bbox 618 4303 696 4355; x_wconf 79' lang='lat' dir='ltr'><strong>velet</strong></span> <span class='ocrx_word' id='word_1_539' title='bbox 746 4302 873 4365; x_wconf 79' lang='lat' dir='ltr'><strong>Gellius,</strong></span> <span class='ocrx_word' id='word_1_540' title='bbox 906 4320 924 4356; x_wconf 81' lang='lat' dir='ltr'><strong>s</strong></span> <span class='ocrx_word' id='word_1_541' title='bbox 953 4319 1007 4371; x_wconf 88' lang='lat' dir='ltr'><strong>qao</strong></span> <span class='ocrx_word' id='word_1_542' title='bbox 1038 4303 1110 4355; x_wconf 85' lang='lat' dir='ltr'><strong>baec</strong></span> <span class='ocrx_word' id='word_1_543' title='bbox 1141 4298 1305 4365; x_wconf 77' lang='lat' dir='ltr'><strong>compilavit</strong></span> 
     </span>
     <span class='ocr_line' id='line_1_57' title="bbox 137 4364 1305 4446; baseline 0.004 -34"><span class='ocrx_word' id='word_1_544' title='bbox 137 4377 171 4413; x_wconf 83' lang='lat' dir='ltr'><strong>ec</strong></span> <span class='ocrx_word' id='word_1_545' title='bbox 186 4366 299 4427; x_wconf 78' lang='lat' dir='ltr'><strong>tacetur,</strong></span> <span class='ocrx_word' id='word_1_546' title='bbox 319 4373 349 4417; x_wconf 90' lang='lat' dir='ltr'><strong>at</strong></span> <span class='ocrx_word' id='word_1_547' title='bbox 364 4367 437 4434; x_wconf 88' lang='lat' dir='ltr'><strong>epnd</strong></span> <span class='ocrx_word' id='word_1_548' title='bbox 454 4368 528 4421; x_wconf 80' lang='lat' dir='ltr'><strong>Piis.</strong></span> <span class='ocrx_word' id='word_1_549' title='bbox 542 4386 585 4438; x_wconf 88' lang='lat' dir='ltr'><strong>ep.</strong></span> <span class='ocrx_word' id='word_1_550' title='bbox 605 4369 656 4433; x_wconf 92' lang='grc' dir='ltr'>ΙΙΙ,</span> <span class='ocrx_word' id='word_1_551' title='bbox 669 4374 696 4432; x_wconf 83' lang='grc'><strong>9,</strong></span> <span class='ocrx_word' id='word_1_552' title='bbox 745 4370 924 4436; x_wconf 79' lang='lat' dir='ltr'><strong>Macrobius,</strong></span> <span class='ocrx_word' id='word_1_553' title='bbox 941 4387 1009 4422; x_wconf 84' lang='lat' dir='ltr'><strong>usus</strong></span> <span class='ocrx_word' id='word_1_554' title='bbox 1028 4386 1092 4419; x_wconf 81' lang='lat' dir='ltr'><strong>esse</strong></span> <span class='ocrx_word' id='word_1_555' title='bbox 1109 4365 1220 4419; x_wconf 79' lang='lat' dir='ltr'><strong>ridetur</strong></span> <span class='ocrx_word' id='word_1_556' title='bbox 1237 4364 1305 4446; x_wconf 74' lang='lat' dir='ltr'><strong>qais</strong></span> 
     </span>
     <span class='ocr_line' id='line_1_58' title="bbox 136 4430 1304 4503; baseline 0.005 -26"><span class='ocrx_word' id='word_1_557' title='bbox 136 4430 163 4477; x_wconf 72' lang='lat'><strong>2.</strong></span> <span class='ocrx_word' id='word_1_558' title='bbox 185 4430 248 4481; x_wconf 87' lang='lat' dir='ltr'><strong>lnde</strong></span> <span class='ocrx_word' id='word_1_559' title='bbox 267 4432 364 4484; x_wconf 85' lang='lat' dir='ltr'><strong>dietam</strong></span> <span class='ocrx_word' id='word_1_560' title='bbox 384 4434 552 4489; x_wconf 71' lang='lat' dir='ltr'><strong>Baeticorum</strong></span> <span class='ocrx_word' id='word_1_561' title='bbox 574 4442 618 4497; x_wconf 77' lang='lat' dir='ltr'><strong>(ss</strong></span> <span class='ocrx_word' id='word_1_562' title='bbox 635 4438 695 4503; x_wconf 86' lang='lat' dir='ltr'><strong>ple-</strong></span> <span class='ocrx_word' id='word_1_563' title='bbox 745 4454 838 4491; x_wconf 89' lang='lat' dir='ltr'><strong>sermo</strong></span> <span class='ocrx_word' id='word_1_564' title='bbox 854 4444 899 4491; x_wconf 84' lang='lat' dir='ltr'><strong>est</strong></span> <span class='ocrx_word' id='word_1_565' title='bbox 914 4438 950 4489; x_wconf 82' lang='lat' dir='ltr'><strong>sle</strong></span> <span class='ocrx_word' id='word_1_566' title='bbox 965 4436 1056 4489; x_wconf 74' lang='lat' dir='ltr'><strong>marite</strong></span> <span class='ocrx_word' id='word_1_567' title='bbox 1068 4434 1180 4487; x_wconf 83' lang='lat' dir='ltr'><strong>alienae</strong></span> <span class='ocrx_word' id='word_1_568' title='bbox 1192 4430 1304 4484; x_wconf 77' lang='lat' dir='ltr'><strong>civitati</strong></span> 
     </span>
     <span class='ocr_line' id='line_1_59' title="bbox 135 4496 1304 4570; baseline 0.003 -24"><span class='ocrx_word' id='word_1_569' title='bbox 135 4510 246 4563; x_wconf 82' lang='lat' dir='ltr'><strong>resspne</strong></span> <span class='ocrx_word' id='word_1_570' title='bbox 270 4498 347 4549; x_wconf 85' lang='lat' dir='ltr'><strong>detor</strong></span> <span class='ocrx_word' id='word_1_571' title='bbox 368 4503 448 4553; x_wconf 78' lang='lat' dir='ltr'><strong>etiem</strong></span> <span class='ocrx_word' id='word_1_572' title='bbox 471 4510 626 4557; x_wconf 78' lang='lat' dir='ltr'><strong>senestes</strong></span> <span class='ocrx_word' id='word_1_573' title='bbox 643 4506 694 4570; x_wconf 80' lang='lat' dir='ltr'><strong>se·</strong></span> <span class='ocrx_word' id='word_1_574' title='bbox 744 4502 858 4557; x_wconf 84' lang='lat' dir='ltr'><strong>indicte.</strong></span> <span class='ocrx_word' id='word_1_575' title='bbox 892 4502 971 4555; x_wconf 69' lang='lat' dir='ltr'><strong>lde-</strong></span> <span class='ocrx_word' id='word_1_576' title='bbox 989 4500 1064 4555; x_wconf 87' lang='lat' dir='ltr'><strong>enim</strong></span> <span class='ocrx_word' id='word_1_577' title='bbox 1086 4496 1135 4566; x_wconf 76' lang='lat' dir='ltr'><strong>(N.</strong></span> <span class='ocrx_word' id='word_1_578' title='bbox 1153 4500 1184 4551; x_wconf 79' lang='lat' dir='ltr'><strong>d.</strong></span> <span class='ocrx_word' id='word_1_579' title='bbox 1204 4498 1258 4563; x_wconf 77' lang='lat' dir='ltr'><strong>hl,</strong></span> <span class='ocrx_word' id='word_1_580' title='bbox 1280 4504 1304 4562; x_wconf 89' lang='lat' dir='ltr'><strong>t,</strong></span> 
     </span>
    </p>
   </div>
   <div class='ocr_carea' id='block_1_6' title="bbox 0 0 1410 5242">
    <p class='ocr_par' dir='ltr' id='par_1_6' title="bbox 0 0 1410 5242">
     <span class='ocr_line' id='line_1_60' title="bbox 0 0 1410 5242; baseline 0 3"><span class='ocrx_word' id='word_1_581' title='bbox 0 0 1410 5242; x_wconf 95' lang='lat' dir='ltr'><strong> </strong></span> 
     </span>
    </p>
   </div>
  </div>
 </body>
</html>
