2812 5242
180 144 242 209 stt
646 134 856 203 uacuosu

175 311 257 379 aliud
275 329 312 373 es
331 305 391 370 alio
411 310 519 379 mutat,
539 309 666 367 vocatur
684 297 885 386 ἀλλοιωτικὴ.
923 301 1004 366 lluic
1023 301 1218 368 obsecuntur
1235 322 1355 378 omnes,

128 396 249 480 l'lquia
281 394 346 477 ipsa
376 386 597 472 digestionibus
625 396 720 451 curat
770 387 892 451 Ventris
917 387 999 450 enim
1029 386 1092 451 duo
1120 393 1197 451 suat
1228 386 1354 463 crificia,

178 498 310 565 quorum
331 473 473 571 superius
493 479 628 536 erectum
652 471 761 556 recipit
779 472 924 537 devorata
942 482 972 535 et
992 469 1023 534 iu
1042 470 1144 536 iollem
1168 471 1291 536 scutris
1310 492 1354 536 re·

178 563 292 627 condit.
337 560 395 623 Hie
416 565 464 621 est
483 555 676 632 stomachus,
710 556 762 642 qui
784 555 998 642 paterfamilias
1017 555 1077 619 dici
1099 557 1232 633 meruit,
1270 555 1354 653 qussi

178 667 270 713 omne
289 643 397 709 animal
419 642 502 705 solus
519 640 706 738 gubernans:
739 660 808 705 nam
832 641 857 705 si
880 647 1049 723 aegrescat,
1081 639 1143 705 vita
1167 639 1201 703 ia
1226 640 1350 724 ancipiti

179 741 226 798 est
243 730 394 795 titubante
413 726 574 789 alimoniae
594 733 708 790 meatu:
730 725 779 790 cui
795 734 905 790 natura
921 734 1078 809 tamquam
1096 722 1230 788 rationis
1251 724 1353 809 capaci

178 817 255 881 selle
277 834 312 877 ae
335 811 415 875 nolle
444 809 619 874 contribuit
664 809 794 875 lalerius
814 830 886 874 vero
905 809 1070 874 demissum
1092 808 1251 873 intestinis
1275 809 1354 873 adia·

133 899 320 973 lsscentibus
344 894 500 971 inseritur,
529 902 561 958 et
580 894 650 959 inde
672 893 719 959 via
745 904 792 959 est
811 893 975 978 egerendis.
1018 894 1100 977 Ergo
1125 892 1158 956 in
1187 901 1299 958 ventre
1325 893 1356 957 lit

180 985 278 1070 prima
301 980 430 1065 digestio
448 978 559 1042 virtute
578 974 772 1064 ἀλλοιωτικῇ
794 978 825 1042 iu
846 999 953 1042 sucum
974 986 1110 1042 vertente
1130 976 1288 1061 quicquid
1307 997 1354 1042 ae-

181 1077 303 1153 ceptum
327 1073 388 1140 est,
420 1064 508 1128 cuius
528 1061 595 1126 laer
618 1063 794 1128 retrimenta
815 1071 888 1127 sunt
907 1082 986 1146 quae
1008 1082 1061 1146 per
1084 1061 1248 1138 intestina,
1283 1062 1355 1127 inle·

180 1153 262 1217 riore
282 1149 401 1214 orificio
424 1146 580 1224 tradente,
612 1147 771 1212 labuntur:
807 1155 838 1211 et
860 1144 962 1211 officio
983 1154 1111 1230 quartae
1132 1145 1279 1222 vinctis,
1309 1146 1357 1211 cui

133 1229 390 1318 lboinssnpcuss]
414 1251 525 1296 nomen
549 1240 608 1310 est,
666 1237 828 1297 roeuratur
851 1231 973 1315 egestio.
1015 1231 1098 1313 Ergo
1122 1239 1295 1314 postquam
1326 1231 1357 1296 iu

181 1342 288 1386 sucum
309 1318 397 1382 cibus
417 1314 614 1393 reformatur,
643 1253 698 1382 liic
719 1316 780 1382 iam
805 1316 913 1381 iecoris
935 1335 1007 1379 cura
1028 1313 1173 1378 succedit
1217 1315 1283 1379 Est
1303 1335 1356 1380 au·

181 1414 242 1470 tem
264 1404 347 1466 iecur
366 1407 527 1463 macretas
549 1400 681 1484 sanguis,
699 1410 731 1465 et
749 1400 818 1466 ideo
838 1400 930 1464 habet
948 1398 1081 1463 nativum
1105 1397 1252 1474 calorem,
1273 1399 1356 1484 quod

182 1487 354 1552 conlectum
378 1504 485 1548 sucum
508 1485 599 1549 vertit
619 1484 651 1547 ia
674 1484 869 1568 sanguinem:
902 1491 933 1548 et
955 1483 1035 1546 sieut
1054 1482 1156 1546 cibum
1185 1483 1217 1546 ia
1243 1504 1356 1549 sucum

181 1571 257 1637 verti
280 1568 378 1654 prima
405 1574 466 1643 est,
499 1567 539 1631 ita
562 1589 669 1634 sucum
699 1569 829 1633 transire
851 1567 882 1630 in
911 1567 1088 1650 sanguinem
1113 1566 1251 1631 secunda
1275 1568 1356 1653 dige-

130 1656 240 1725 aestio
269 1662 323 1718 est.
372 1653 463 1716 Hunc
488 1653 571 1716 calor
597 1652 706 1718 iecoris
732 1651 975 1717 administratum
1007 1671 1060 1735 per
1087 1670 1235 1715 venarum
1269 1652 1355 1717 fistu-

181 1741 224 1805 las
256 1739 286 1802 in
317 1757 373 1802 sua
403 1755 544 1821 quaeque
574 1738 711 1802 membra
739 1735 901 1821 dispergit,
932 1741 1017 1819 parte
1049 1755 1128 1818 quae
1156 1755 1194 1798 ex
1224 1735 1356 1820 digestis

181 1822 374 1908 frigidissima
394 1829 442 1885 est
462 1821 494 1884 in
514 1821 622 1886 lienem
643 1820 753 1899 retusa,
778 1819 831 1905 qui
854 1826 890 1884 ut
911 1819 995 1882 iecur
1018 1818 1127 1883 caloris
1148 1817 1189 1883 ita
1210 1819 1219 1882 i
1244 1841 1281 1884 se
1304 1821 1355 1885 iri·

129 1911 169 1975 11
181 1908 262 1997 geris
281 1904 470 1970 domicilium
494 1913 549 1969 est
593 1907 668 1973 Nam
689 1905 759 1971 ideo
776 1925 883 1971 omnes
902 1903 1044 1967 dexterae
1062 1909 1162 1986 partes
1185 1841 1355 1971 validiores

129 1998 272 2077 [stsjsunt
293 1997 325 2053 et
345 1988 507 2053 debiliores
528 1990 678 2071 sinistrae,
700 1989 773 2077 quia
792 1989 846 2056 bas
867 1987 944 2074 regit
966 1988 1049 2053 calor
1064 1986 1186 2052 visceris
1202 1987 1263 2067 sui,
1287 1990 1356 2055 illae

249 2174 333 2242 [ssa.
352 2177 492 2229 arsura.

180 2276 234 2310 orn.
252 2259 280 2312 S.
316 2261 496 2330 digestiva
519 2260 551 2310 Ε.
656 2263 696 2313 lt.
725 2261 868 2331 aegrescit
886 2259 917 2310 Ρ.
948 2286 977 2296 -
1006 2255 1136 2326 egerendi
1156 2255 1207 2306 As.
1315 2263 1355 2311 16.

179 2319 345 2394 uitiosorum]
370 2329 407 2379 vi.
444 2328 589 2378 allocatiea
607 2343 666 2393 e-g.
700 2341 892 2380 suaseritis
919 2326 950 2376 Α.
985 2341 1038 2375 om.
1058 2322 1086 2374 S.
1119 2348 1144 2360 ·
1176 2315 1355 2393 ἇιακριτικὴ

182 2392 243 2443 illu
277 2408 518 2446 anoeusnrrrsrr
544 2396 573 2443 b.
608 2387 777 2460 &respirauit
805 2395 872 2444 uad.
891 2392 922 2443 P.
957 2409 1011 2442 am.
1034 2389 1063 2441 S.
1088 2416 1122 2428 -
1147 2406 1242 2440 nomen
1271 2385 1353 2443 dues-

180 2456 285 2526 κριτικὴ
303 2461 354 2510 lib.
460 2464 499 2511 ts.
527 2460 648 2510 colorem
663 2460 691 2510 S.
711 2486 743 2498 -
763 2462 813 2527 gui
831 2464 976 2522 consectum
995 2457 1092 2524 ve-gu.
1111 2457 1247 2518 „ttecta.“
1266 2458 1355 2512 Zeten.

180 2552 215 2563 -
240 2526 364 2577 uerterit
379 2526 408 2576 d.
435 2552 467 2562 -
496 2526 611 2592 digestio
625 2531 694 2583 (ons.
713 2532 774 2583 est).
876 2528 918 2573 20.
949 2525 1206 2575 administrandum
1224 2541 1251 2575 s.

179 2608 224 2655 2l.
250 2606 300 2656 tas
327 2606 466 2657 dsstras
489 2592 519 2666 ··Ι
546 2604 597 2654 lib.
626 2631 660 2643 -
688 2604 791 2657 tuas.
893 2609 935 2656 22.
966 2608 1049 2658 tertio
1069 2606 1097 2657 lt.
1117 2634 1151 2647 -
1167 2623 1264 2674 puruss
1283 2614 1353 2670 (osu.

218 2780 256 2827 16.
292 2778 389 2845 omnes]
415 2777 433 2829 1.
453 2794 477 2828 e.
497 2782 608 2828 aeterne
625 2776 738 2829 vitatos.
823 2771 1008 2845 dxesnpsuuip]
1026 2779 1074 2830 Sic
1092 2797 1106 2830 e
1122 2778 1266 2831 codicibus
1283 2797 1350 2833 sssss.

181 2843 224 2894 01.
243 2844 367 2895 tabulam
387 2843 509 2895 Messenii
525 2841 668 2911 Agrippae
694 2860 739 2912 ap.
789 2843 906 2909 scripsi,
939 2847 1067 2911 qstarnvis
1095 2847 1251 2899 Alexander
1279 2848 1299 2899 Ι.
1326 2864 1350 2899 e.

180 2909 241 2960 Isis.
263 2909 297 2968 ll,
317 2913 360 2972 82,
377 2914 394 2959 9
411 2926 470 2976 sqq·
789 2903 967 2978 ἀποκριτικήν
985 2930 1046 2964 earn
1066 2915 1198 2966 nominet.

214 2975 405 3042 digestionibus
422 2974 507 3041 curat]
535 2974 595 3026 l'id.
621 2982 678 3028 not.
703 2979 739 3029 ad
826 2982 866 3028 19.
900 2989 1039 3047 postquam
1064 3019 1087 3033 ..
1111 2977 1277 3046 reformatur]
1302 2976 1346 3030 Gi.

181 3040 203 3100 1,
226 3044 264 3102 tt,
284 3044 323 3104 6.,
344 3041 390 3092 ubi
410 3042 457 3094 liic
476 3044 555 3094 loeus
574 3052 618 3094 est
635 3045 740 3097 adden·
790 3045 881 3098 lland.
910 3046 1036 3099 Turseli.
1071 3048 1120 3111 li,
1155 3066 1181 3113 p.
1210 3049 1260 3097 196
1288 3061 1347 3111 sq.=

180 3106 241 3157 du·-
789 3113 949 3175 „Praesms
967 3153 989 3166 ..
1007 3115 1109 3166 dieitur
1127 3152 1152 3166 ..
1175 3114 1209 3164 do
1227 3112 1267 3164 sei
1284 3128 1351 3163 esa·

216 3176 257 3222 tt.
290 3175 499 3243 paterfamilias]
518 3174 537 3226 i·
557 3191 582 3227 e.
602 3177 741 3234 daminus.
790 3180 898 3232 ditione
931 3197 1001 3248 qaae
1031 3183 1127 3232 eadem
1162 3178 1349 3247 praesentiam

180 3237 222 3288 Cf·
242 3238 264 3298 l·
285 3243 326 3302 ll,
346 3245 386 3292 ll·
790 3251 922 3299 continua
941 3248 1085 3310 attingit.“

216 3305 270 3356 dici
294 3306 397 3374 meruit]
424 3306 443 3357 1.
463 3323 487 3357 e.
514 3307 676 3375 diguusest
692 3314 741 3380 qui
825 3317 853 3366 in
880 3312 979 3377 susum]
1003 3313 1044 3361 Gi.
1071 3311 1128 3362 cto.
1148 3310 1179 3360 N.
1199 3312 1230 3361 l).
1250 3311 1287 3374 ll,
1306 3314 1350 3375 66,

181 3371 300 3424 dicutur.
336 3373 378 3425 Cl.
398 3390 422 3424 c.
439 3379 464 3426 9.
482 3375 496 3441 fi
514 3379 556 3426 22.
792 3383 849 3430 161.
869 3381 912 3429 Es
928 3379 1059 3427 intestinis
1077 3385 1163 3426 autem
1183 3385 1207 3426 et
1227 3379 1288 3428 aloa
1308 3394 1350 3429 se-

215 3457 289 3491 cmne
306 3441 418 3507 animal]
439 3440 458 3492 1.
478 3459 502 3491 o.
520 3449 608 3494 totum
628 3461 739 3510 eorpus.
789 3451 909 3495 aretusa
928 3442 1027 3504 reliquo
1047 3443 1102 3489 cibo
1125 3455 1220 3487 sucus
1240 3445 1268 3492 s's
1289 3461 1352 3508 guo

180 3505 229 3557 Sic
254 3507 358 3559 Comus.
383 3508 405 3570 1,
435 3512 457 3568 l,
481 3513 506 3558 i.
530 3511 627 3562 eodem
654 3527 738 3563 sensu
788 3508 910 3559 alimur
928 3513 1067 3570 permanat
1085 3506 1121 3553 ad
1139 3504 1219 3550 ieeur.

180 3572 284 3625 dicitnr
306 3581 368 3644 post
386 3575 511 3626 animal
537 3583 565 3628 et
587 3584 648 3646 post
669 3591 738 3628 eor·
819 3571 942 3622 vertitis
961 3568 1128 3635 sanguinent]
1146 3565 1261 3618 utcu.
1281 3568 1301 3620 l.
1322 3589 1348 3622 c.

178 3656 250 3705 pss.
786 3638 826 3688 Ab
852 3653 882 3687 ee
908 3636 962 3685 cibo
988 3651 1067 3700 guum
1094 3642 1132 3686 est
1160 3642 1260 3685 secreta
1285 3636 1349 3691 bilis

212 3707 351 3773 titubante]
370 3707 389 3759 Ι.
405 3723 429 3759 s.
444 3707 600 3759 debilitata.
785 3703 857 3769 iique
875 3703 993 3753 bassones
1011 3703 1056 3769 gui
1075 3718 1088 3754 a
1105 3701 1209 3752 renibus
1229 3706 1348 3768 prosun-

213 3775 281 3824 oeils
296 3791 328 3824 ae
345 3774 424 3840 nolis]
444 3781 520 3826 tenet
538 3776 628 3827 loca·
646 3767 737 3820 unusl-
786 3771 896 3832 duntur,
912 3770 1016 3836 reliqua
1036 3786 1068 3820 se
1089 3770 1099 3820 i
1105 3787 1122 3821 n
1147 3771 1348 3836 sanguinem

179 3852 245 3886 uum
273 3839 526 3901 substantivorum,
558 3838 737 3907 appetentiam
787 3843 930 3890 uertunt.

179 3909 204 3951 et
215 3903 369 3964 fastidium.
397 3902 437 3955 Cl.
459 3923 481 3956 c.
500 3908 617 3970 2522.
634 3909 663 3955 et
681 3901 736 3956 sid.
822 3907 864 3954 20.
908 3899 1131 3968 administratum]
1164 3899 1239 3952 idem
1271 3902 1349 3955 vetet

180 3967 309 4034 pralegg.
328 3986 354 4035 p.
374 3986 457 4021 sssrx
478 3989 520 4036 sq.
789 3971 861 4037 quod
879 3972 961 4037 paulo
979 3984 1064 4034 supra
1084 3970 1237 4031 consectum.

215 4035 255 4082 ts.
289 4037 451 4103 retrimenta]
476 4038 519 4088 ct.
538 4040 573 4100 55
591 4040 625 4087 66
644 4037 737 4096 el2b3
821 4040 864 4086 at.
899 4037 948 4087 lsas
967 4071 991 4087 ..
1010 4033 1083 4100 illae]
1110 4034 1200 4096 „l'ids
1218 4032 1258 4084 sis
1277 4050 1347 4102 qttae

179 4116 202 4149 c.
229 4103 360 4164 11,59;
385 4120 407 4152 e.
432 4107 476 4163 16,
494 4106 510 4166 5
530 4108 562 4153 te
579 4120 640 4168 ιφ,
663 4102 694 4152 0.
715 4101 737 4162 l,
788 4102 889 4153 scribit
914 4109 994 4168 pater
1018 4118 1095 4151 meus
1123 4101 1195 4152 libro
1213 4101 1264 4151 lll.
1292 4101 1347 4153 Ob-

177 4170 203 4228 6,
217 4172 259 4216 Π.
287 4168 737 4220 blodemsensulsocsocsbulum
788 4170 938 4220 servatium
957 4184 1017 4232 rap.
1038 4171 1090 4228 16.,
1120 4184 1182 4218 nam
1211 4167 1347 4233 impastu-

177 4232 294 4285 llasroni
318 4235 452 4286 tribuitur
472 4249 489 4284 a
511 4233 602 4285 Nauia
626 4250 652 4301 p.
674 4236 737 4297 atr,
787 4251 840 4287 nus
862 4242 923 4288 esst
941 4234 1104 4285 Pricaeus.“
1130 4235 1221 4284 Gaea.
1246 4260 1282 4272 -
1303 4233 1346 4285 lbi

176 4299 219 4347 23.
255 4300 489 4365 lpseblacrobius
508 4303 665 4364 ο.16,51.
685 4299 737 4352 lsa-
787 4301 906 4369 legitur:
939 4300 1078 4365 ‚,bliratnr
1108 4299 1151 4351 sis·
1178 4298 1305 4350 eruditus
1330 4316 1348 4352 ι

176 4360 225 4415 tot
238 4375 412 4418 rscrmmtas
437 4367 560 4418 alterum
577 4383 594 4419 a
611 4367 735 4431 terendo,
786 4367 1008 4434 castigatoribus
1025 4366 1100 4418 laune
1117 4366 1209 4416 locutu
1233 4365 1348 4432 impune

88 4422 297 4620 η
314 4447 333 4483 a
351 4432 488 4484 cernenda
506 4437 550 4483 est
568 4431 734 4486 derivatum·
786 4448 849 4485 esse
867 4433 1032 4497 ‹li-issum,
1058 4448 1142 4497 quum
1163 4431 1347 4498 transpositio
