2812 5242
190 160 254 225 esu
661 150 872 218 macuouli

191 333 332 411 Aegypto
354 340 469 396 muros,
500 327 537 383 ut
564 318 629 382 aliis
654 318 685 382 in
715 318 790 383 locis
819 337 910 382 ranae
935 323 1156 402 serpentesque
1186 324 1219 381 et
1246 317 1362 383 similia.

191 413 259 475 Ova
279 416 380 473 autern
401 424 567 487 numquam
587 404 626 466 de
648 412 728 468 tarra
750 413 824 467 sunt
845 410 1017 487 procreata,
1047 403 1120 485 quia
1143 402 1174 465 in
1197 401 1261 466 illis
1282 404 1364 467 nulla

191 492 338 578 perfectio
365 497 429 565 est,
464 495 573 550 natura
597 507 668 551 rero
695 488 828 570 perlecta
854 488 979 561 format,
1013 495 1044 549 et
1070 485 1109 550 de
1133 484 1279 570 perlectis
1309 488 1364 550 ista

145 575 368 662 ldprocedunt,
391 580 426 637 ut
447 571 485 634 de
503 570 675 652 integritate
695 579 804 654 partes.
848 573 925 635 Num
945 579 980 634 ut
998 570 1164 634 concedam
1185 592 1245 635 ora
1262 572 1363 635 arium

191 681 258 725 csse
278 656 453 731 seminaria,
476 654 632 718 videamus
655 655 730 738 quid
753 654 925 719 desemine
948 655 1014 738 ipso
1034 653 1289 739 philosophorum
1312 656 1363 719 de-

170 728 289 807 'linitio
319 748 460 813 testetur,
491 759 570 834 quae
592 738 632 801 ita
655 738 765 802 sancit:
798 738 907 803 Semen
930 747 978 801 cst
997 738 1152 822 genemtio
1174 738 1212 802 ad
1237 739 1305 801 eius
1328 759 1363 801 es

191 849 254 911 quo
280 834 326 889 est
354 822 581 888 similitudmem
611 841 753 907 pergens:
784 844 847 885 non
875 830 977 907 potest
997 831 1099 886 autem
1122 822 1161 886 ad
1187 822 1363 887 similitudi·

192 932 261 975 nem
284 908 365 994 pergi
387 907 528 991 reiquae
549 907 680 970 necdum
703 915 758 983 est,
781 907 860 970 sicut
882 927 938 968 nec
957 927 1061 970 semen
1083 927 1120 969 ex
1142 927 1182 969 eo
1203 907 1291 990 quod
1311 908 1363 971 ad·

144 995 253 1059 ldbuc
279 1015 341 1057 non
369 989 508 1055 subsistit
534 999 664 1054 emanat.
708 991 791 1072 Ergo
815 990 968 1073 inprime
991 991 1363 1073 rorumortuintellegn·

141 1093 294 1162 [utimum
317 1096 386 1139 curn
415 1073 524 1138 ceteris
546 1073 751 1137 animantibus
773 1093 852 1157 quae
877 1074 943 1137 solo
968 1074 1085 1137 semine
1110 1084 1300 1150 nascuntur,
1327 1076 1364 1139 do

191 1163 303 1246 quibus
326 1180 387 1223 non
408 1157 572 1240 ambigitur
594 1157 668 1240 quin
689 1157 773 1240 prius
792 1156 903 1220 inerint
921 1177 1012 1240 quam
1032 1177 1135 1221 semen
1151 1178 1263 1234 suurn,
1292 1180 1363 1223 ares

191 1265 316 1329 quoque
336 1242 445 1327 opitice
464 1249 571 1305 natura
588 1241 722 1305 extitisse
740 1239 903 1325 periectas:
924 1248 955 1303 et
976 1241 1048 1325 quia
1068 1241 1111 1306 vis
1132 1243 1300 1325 generandi
1318 1244 1363 1307 in-

191 1338 270 1393 serta
293 1328 332 1392 sit
348 1325 491 1409 singuiis,
510 1326 548 1388 ab
569 1324 616 1388 bis
637 1325 697 1388 iam
720 1326 885 1410 procedere
904 1325 1048 1389 nascendi
1071 1326 1180 1389 modos
1200 1346 1283 1409 quos
1307 1348 1363 1411 pro

190 1412 366 1476 diversitate
387 1409 587 1471 animantium
609 1418 716 1472 natura
741 1410 874 1474 variavit.
918 1410 1037 1483 llubcs,
1056 1409 1221 1492 trangon,
1241 1412 1362 1476 utrobi-

191 1516 251 1579 que
274 1492 357 1577 qnod
385 1501 506 1566 teneas,
538 1500 569 1555 et
593 1492 780 1557 dissimulate
804 1493 957 1577 paulisper
982 1492 1127 1557 inrisione
1153 1502 1256 1557 tecum
1285 1495 1361 1558 deli-

144 1581 263 1649 l5bera
285 1577 358 1661 quid
381 1575 527 1658 sequaris.
570 1576 611 1639 Et
631 1577 818 1657 Euangelus:
855 1576 936 1655 Quia
962 1585 1054 1640 etex
1079 1577 1154 1641 iocis
1179 1579 1259 1642 seria
1288 1578 1363 1643 iacit

190 1662 330 1727 violentia
353 1659 513 1743 loquendi,
542 1659 601 1723 hoc
624 1658 696 1722 mibi
717 1660 878 1724 absolvatis
902 1660 989 1736 volo,
1015 1660 1102 1725 cuius
1125 1661 1179 1725 diu
1201 1682 1252 1725 me
1273 1683 1360 1727 exer-

189 1748 253 1811 cuit
275 1765 344 1810 vcra
365 1743 552 1808 deliberatio.
595 1744 644 1807 Nu
666 1764 699 1806 er
719 1743 800 1807 enim
825 1745 897 1808 mibi
920 1744 958 1806 de
979 1745 1097 1808 Tiburti
1118 1766 1192 1828 agro
1214 1767 1284 1810 meo
1308 1769 1360 1811 en-

188 1830 275 1895 bibiti
295 1836 368 1893 sunt
386 1828 450 1910 apri
474 1848 552 1909 quos
574 1765 684 1892 obtulit
705 1826 779 1892 silva
797 1827 985 1905 venantibus,
1003 1838 1034 1893 et
1057 1829 1129 1912 quia
1148 1829 1267 1894 diutule
1285 1852 1360 1895 con·

142 1915 307 1979 lbtinuata
326 1911 446 1975 venatio
469 1918 527 1987 est,
557 1910 663 1994 perlati
688 1920 760 1975 suut
785 1912 836 1977 alii
860 1911 1011 1990 interdiu,
1037 1923 1132 1978 noctu
1154 1915 1213 1978 ulii.
1266 1916 1358 1992 Quos

259 2080 339 2146 [nin.
363 2079 467 2133 iesu.

186 2165 214 2215 in
232 2165 296 2214 locis
312 2162 391 2214 ds-b.
428 2170 459 2215 ct
477 2164 505 2215 iu
521 2164 584 2214 aliie
603 2164 667 2215 locis
685 2164 739 2215 i-b.
774 2172 805 2218 et
828 2164 890 2215 eliis
908 2163 972 2215 locis
990 2169 1059 2224 (om.
1077 2164 1120 2225 iu)
1138 2181 1168 2232 g·
1203 2175 1234 2220 el
1252 2170 1357 2221 insiliis

187 2237 256 2292 (eru.
275 2231 352 2290 loeis)
380 2247 405 2283 v.
436 2257 462 2267 -
494 2248 695 2296 nonnunquam
720 2232 752 2282 Ρ.
780 2259 814 2271 -
841 2232 968 2297 perfectio
985 2237 1053 2289 (ern.
1072 2234 1125 2292 est)
1150 2249 1209 2301 1-3.
1316 2241 1355 2288 13.

186 2315 271 2348 ouum
287 2299 376 2347 auium
394 2313 419 2347 v.
440 2323 473 2334 —-
486 2297 567 2362 quod
584 2298 663 2347 e-bl'.
679 2325 711 2336 -
728 2300 791 2365 ipsu
809 2315 863 2348 τ-τ.
884 2298 955 2360 „Ed
974 2305 1027 2349 eet.
1045 2298 1146 2350 molius
1162 2301 1256 2367 ipso.“
1269 2302 1354 2354 Zeun.

185 2390 219 2402 -
235 2365 376 2428 diffinitio
392 2362 449 2413 Sei.
471 2391 498 2400 —
517 2365 555 2413 ite
571 2366 671 2415 sensit
687 2381 707 2430 g
724 2365 826 2430 in‘mg.
845 2392 876 2402 -
893 2366 1032 2431 generatio
1049 2373 1087 2416 est
1107 2366 1177 2416 Etid-
1197 2367 1227 2416 P.
1246 2387 1354 2435 -per-

185 2446 250 2498 gere
272 2436 340 2489 (om.
361 2430 414 2491 rei)
442 2430 473 2479 P.
579 2433 617 2478 14.
648 2432 741 2482 modii
766 2430 849 2495 p-bl’.
955 2434 993 2480 15.
1024 2432 1095 2495 Quia
1114 2448 1145 2483 ex
1169 2434 1237 2496 (om.
1262 2444 1301 2493 et)
1328 2454 1353 2486 v.

185 2497 356 2562 quinetiam
375 2511 406 2545 es
425 2494 479 2561 i·g.
495 2520 530 2532 -·
549 2497 653 2546 cerium
671 2497 702 2546 Α.
721 2523 753 2536 -
772 2495 903 2548 diutiled
922 2511 939 2547 o
956 2515 983 2562 p·
1003 2513 1055 2560 su.;
1073 2498 1214 2550 Schbll.
1251 2503 1353 2555 diutine

184 2657 326 2707 Plutarch.
348 2674 373 2721 p.
394 2659 452 2706 631.
472 2656 504 2706 B.
529 2655 593 2707 Zeia
612 2656 641 2710 dl
660 2653 743 2710 udro—
827 2660 860 2712 de
876 2661 1041 2729 integritate]
1059 2661 1119 2714 lid.
1135 2666 1351 2720 not-adcomm.

184 2722 246 2787 τελῇ
262 2722 309 2774 καὶ
328 2717 462 2787 ὁλόκληροι
478 2719 556 2789 μέχρι
577 2724 628 2776 νῦν
646 2718 742 2777 oivudi-
792 2727 829 2791 ll,
850 2731 890 2792 14,
909 2733 935 2777 8.

184 2788 268 2839 dccccv
283 2783 301 2855 ἡ
317 2790 360 2855 γῆ,
378 2784 742 2857 μύςὲνΑΙγύπτφ,πολ-
827 2798 868 2844 13.
904 2795 941 2844 ad
964 2795 1021 2844 ciue
1040 2810 1072 2845 ex
1088 2811 1139 2860 que
1163 2804 1201 2846 eet
1220 2799 1350 2850 similitu·

183 2855 288 2920 λαχοῦ
306 2852 339 2906 dl
357 2852 454 2919 ὄφεις
469 2854 526 2906 καὶ
542 2854 741 2922 βατράχους
790 2859 877 2910 dinem
890 2877 1005 2926 pergem
1021 2860 1083 2925 cet]
1099 2860 1138 2908 Cl.
1157 2860 1304 2914 Plutarch.
1322 2885 1349 2930 p.

183 2921 240 2970 net
264 2917 430 2985 τέττιγας,
456 2916 542 2986 ἀπῆς
565 2919 669 2984 ἔξωθεν
687 2921 741 2975 ἑτέ·
789 2921 1009 2977 631.11.Ἐνδεᾶ
1040 2920 1210 2989 οἱςέστιτοῡ
1228 2926 1348 2979 οἰκείου·

201 3003 234 3044 ας
251 2986 297 3036 nul
316 2983 457 3049 δυνάμεως
473 2939 654 3068 dpyevoptvqe.
673 2991 740 3040 llio-
789 3027 815 3042 ..
837 2986 925 3051 ledele
946 2989 976 3043 dl
1033 2986 1076 3043 tls
1098 2988 1154 3042 ἐστι
1175 2993 1226 3043 τοῦ
1249 2991 1289 3061 μὴ
1305 3012 1349 3062 γε·

181 3003 240 3101 dor.
259 3052 284 3112 Ι,
306 3057 345 3103 10.
379 3052 437 3119 Τῆς
461 3050 487 3103 δ’
512 3050 542 3116 ἐξ
563 3049 650 3121 ἄρχῃς
673 3052 737 3107 nu'
788 3053 905 3120 νομένοο
922 3055 993 3123 μηδὲ
1010 3051 1097 3119 ὄντος.

181 3112 280 3177 αὐτοῖς
297 3116 446 3184 ζωογονίας
466 3114 610 3185 τεκμήριον
632 3120 675 3183 (ol
693 3074 738 3173 Al·
821 3124 942 3188 necdum]
963 3124 1023 3175 vti.
1041 3126 1171 3192 prolegg·
1193 3144 1221 3192 p.
1239 3143 1298 3178 xer.

180 3177 303 3248 princeos)
331 3183 479 3249 πειρῶνται
540 3201 598 3250 perv
627 3183 660 3238 ed
690 3186 737 3240 sul
824 3192 863 3240 14.
885 3190 918 3241 de
952 3191 1029 3243 otte·
1045 3208 1098 3243 nee
1121 3193 1268 3261 ambigitur
1285 3196 1347 3261 quin

180 3247 232 3299 οὖν
255 3244 295 3300 ἔτι
316 3246 369 3317 τὴν
391 3244 420 3301 ἔν
442 3250 476 3333 τῇ
543 3250 623 3318 fluide
643 3249 738 3319 χώραν
788 3291 816 3306 ..
836 3207 952 3373 suerint}
975 3255 1035 3309 vti.
1057 3258 1186 3325 prolegg.
1207 3277 1233 3325 p.
1254 3276 1346 3312 τττιτ.

178 3311 251 3365 κατά
275 3333 352 3377 τινας
375 3331 490 3381 καιςοος
514 3314 664 3379 τοσούτους
689 3317 736 3370 sul
786 3327 855 3371 extr.
893 3322 934 3373 lbi
956 3360 962 3373 .
982 3323 1039 3375 vicl.
1075 3340 1126 3375 nne
1144 3325 1203 3377 dixi
1223 3326 1258 3376 de
1283 3344 1346 3393 pre-

178 3377 355 3500 {lm
370 3382 432 3501 ’111
448 3374 736 3503 ''tbfflttlf
785 3387 1055 3507 mittebat·
1069 3389 1096 3442 '⁵
1131 3393 1237 3458 (Μ’)
1272 3393 1344 3460 '⁹¹¹⁸'

177 3465 337 3565 Aeliaufde
354 3466 408 3565 nysi.
426 3464 513 3565 'didm
532 3466 735 3577 ltffiamv‘e
817 3522 910 3586 opifice
932 3522 1042 3588 nature]
1079 3522 1140 3573 l'lrl.
1171 3528 1229 3574 not.
1257 3524 1294 3575 ed
1321 3542 1344 3576 c.

178 3575 208 3629 dl
228 3574 259 3631 ἐν
274 3580 308 3648 τῇ
330 3576 451 3646 Θηβαΐδι
483 3574 582 3646 αὶιίζης
599 3578 734 3648 πεσούσης
785 3588 826 3644 15,
843 3589 859 3649 5
878 3592 903 3637 e.

175 3638 220 3695 tut
243 3646 293 3712 τῆς
336 3646 365 3705 ’ς
389 3596 514 3710 dosiades
533 3646 611 3710 μῦς,
637 3638 677 3698 ὦν
700 3646 733 3700 τὸ
819 3657 857 3703 15.
893 3653 1019 3705 violentie
1036 3654 1172 3721 loquendi]
1189 3652 1272 3705 cte.
1287 3657 1343 3717 M

174 3706 224 3790 gis
252 3663 349 3777 epid?
365 3709 437 3762 ἐστιν
463 3707 518 3779 ἔτι,
546 3709 578 3792 qd
607 3709 636 3764 dl
663 3710 732 3779 σὰρξ
782 3722 806 3769 11.
825 3720 922 3787 lingue
940 3722 1109 3785 uiolento,
1128 3730 1201 3774 ete.
1219 3724 1342 3788 1ὔ,59.

267 3772 319 3842 tyri
336 3774 367 3827 11
388 3772 474 3836 αὐτὸς
491 3772 519 3828 in
536 3795 586 3893 tps
604 3774 734 3847 Ἰταλικῆς
781 3787 952 3838 violentie
973 3788 1093 3854 spiritui.

173 3773 254 3899 lddde
272 3837 376 3903 πόλεως
398 3839 519 3923 lindegero
540 3858 579 3903 ες
600 3848 733 3913 Aeneiaq-
814 3854 969 3921 absolvatis]
995 3853 1039 3904 (li.
1060 3853 1192 3921 prolcgg.
1214 3868 1242 3921 p.
1260 3870 1342 3906 ττττι.

173 3920 236 3968 χιον
259 3899 353 3972 dodun
373 3906 561 4023 foerpazotc
582 3911 637 3962 net.
670 3913 729 3963 Pll-
780 3924 850 3970 extr.

172 3968 236 4019 nisse
258 3970 290 4021 N.
315 3972 351 4022 ll.

170 4037 289 4089 omnibu
313 4038 356 4089 bie
374 4041 459 4104 fidem
489 4041 562 4091 Nili
589 4044 729 4098 incendatis»
813 4052 846 4101 de
863 4052 966 4101 'ilberti
982 4068 1051 4118 egro
1068 4050 1136 4116 mee]
1161 4050 1229 4103 lude
1254 4068 1342 4119 τομ-

170 4102 263 4184 offeqt,
287 4143 312 4155 ..
331 4107 427 4185 quippe
445 4107 582 4185 detegente
597 4125 626 4159 το
643 4128 727 4162 mue·
778 4122 821 4165 ret
852 4116 1025 4168 Macrobium
1054 4118 1180 4170 voluisse
1209 4118 1341 4187 Evange-

168 4171 237 4220 σιὼ
258 4180 426 4239 repertantur
442 4173 564 4224 inchoato
582 4191 659 4241 opere
677 4196 727 4244 ge·
778 4182 834 4233 lum
855 4182 954 4235 heberi
975 4200 1025 4250 pro
1041 4183 1158 4237 bomine
1176 4185 1283 4251 «ttrite,
1312 4187 1340 4237 irl

167 4235 261 4313 uitalia
276 4254 363 4319 qquqe
377 4246 513 4317 terraeque
527 4246 580 4289 cet.
617 4242 727 4322 Anima·
776 4249 847 4313 quod
866 4257 976 4315 poteret
991 4251 1057 4302 addi
1094 4252 1175 4320 releg
1197 4269 1339 4318 .p.xnr.

165 4299 313 4355 lrueerr
336 4305 565 4356 inundationibus
584 4322 661 4358 nasci
683 4327 726 4360 re·
809 4317 1053 4384 mint..asttttta]
1074 4268 1093 4371 1.
1112 4334 1171 4372 m
1209 4335 1255 4372 me
1274 4336 1338 4387 per·

166 4364 262 4418 lerunt
292 4370 378 4420 etiam
407 4370 526 4421 Ovidius
555 4373 667 4427 Metam.
703 4377 725 4442 l,
775 4380 838 4431 leti.

165 4430 218 4481 428
235 4449 296 4500 sqq.
323 4435 418 4503 Pomp.
430 4436 505 4490 Mela
522 4437 586 4501 1,o.
808 4448 921 4517 diutule]
931 4448 1337 4519 Vidpreleggpmvmod.

390 3974 427 4038 x,
448 3978 492 4024 ⁶8.
514 3993 536 4025 τ.
559 3980 600 4026 84.
634 3980 729 4031 l'erum
813 3984 886 4051 veru]
906 3983 979 4036 idem
999 3985 1059 4036 iere
1080 3985 1215 4051 estquod
1233 3987 1314 4037 serie.
