2812 5242
176 134 215 201 li
647 127 858 197 Macuoml

174 324 281 379 unum,
302 302 387 379 Deci,
408 301 496 365 nobis
518 301 563 383 (ut
584 301 710 384 etipse,
731 307 879 384 quantum
900 305 952 362 tua
973 298 1045 362 sinit
1064 299 1281 377 adolescentia,
1303 303 1344 365 ii-

175 389 246 453 dere
270 395 300 452 et
322 408 358 450 ex
381 384 590 472 patredlbino
611 385 716 450 audire
739 383 876 470 potuisti)
898 384 1033 448 inomni
1056 384 1134 448 vitae
1152 407 1244 451 cursu
1265 388 1343 472 opti-

579 477 728 617 quantum
751 489 870 533 cessare
891 490 908 533 a
931 489 1090 533 causarum
1114 470 1290 537 defensione
1310 473 1343 536 li-

175 494 259 539 mum
284 474 380 537 visum
406 479 466 547 est,
496 478 546 548 ut,

175 560 300 633 cuissct,
320 565 438 620 tantum
461 555 500 619 ud
523 575 576 619 eru
600 554 712 620 iterum
732 553 889 618 bominum
912 553 1020 639 tuique
1041 554 1185 620 similium
1204 578 1342 655 conpres-

145 649 242 710 4sum
268 644 399 740 aliquem
427 660 662 724 sermonemque
690 638 868 704 conferrem.
912 640 1021 725 Neque
1044 639 1124 703 enim
1150 650 1233 707 recte
1261 644 1343 707 msti-

174 739 260 794 tutus
280 748 399 792 ammus
421 725 612 810 requiescere
631 733 686 789 aut
703 725 809 789 utilius
829 733 884 790 aut
903 724 1061 789 honestius
1081 745 1212 810 usquam
1235 736 1346 812 potest,

174 834 266 900 quam
290 814 320 876 in
341 812 442 897 aliqua
463 809 671 896 oportunitate
694 810 785 875 docte
810 831 845 875 ac
868 809 1032 874 liberaliter
1057 809 1269 897 colloquendi,
1300 813 1345 877 in·

173 898 408 983 terrogandique
430 904 461 961 et
484 894 687 981 respondendi
709 895 864 961 comitate.
909 895 971 959 Sed
1009 895 1143 960 uodnam
1166 896 1248 962 istud
1271 920 1344 962 eon-

143 985 305 1051 brivium?
350 987 399 1047 An
420 1003 492 1046 vero
510 980 711 1046 dubitandum
730 988 864 1058 nonest,
883 980 958 1064 quin
976 915 1008 1045 il
1026 980 1108 1046 dicas
1128 983 1211 1066 quod
1229 982 1343 1047 doctis-

173 1071 258 1136 simis
280 1088 440 1155 procerum
463 1065 634 1150 ceterisque
653 1087 751 1153 nuper
772 1067 853 1152 apud
875 1065 1011 1130 Vettium
1033 1067 1263 1132 Praetextatum
1287 1068 1344 1134 luit

174 1164 206 1222 et
228 1156 400 1220 discurrens
424 1160 494 1238 post
516 1151 596 1216 inter
625 1152 760 1237 reliquos
786 1159 870 1235 grata
893 1151 1070 1216 vicissitudo
1092 1152 1238 1218 sanarit?
1280 1155 1342 1219 lle-

122 1241 271 1325 {sospiusz
293 1240 340 1303 llo
358 1237 417 1303 hoc
439 1238 506 1323 ipso
526 1238 698 1322 quaesitum
721 1237 820 1315 venio,
842 1245 873 1302 et
892 1236 1021 1321 explices
1039 1237 1137 1314 velim,
1159 1238 1249 1323 quale
1269 1238 1342 1304 illud

174 1324 345 1391 convivium
370 1322 476 1400 luerit,
513 1343 531 1386 a
559 1343 622 1407 quo
651 1332 682 1389 te
702 1321 835 1389 abluisse
857 1331 981 1421 propter
1001 1322 1182 1407 singularem
1203 1325 1341 1389 omnium

142 1408 206 1475 din
235 1419 266 1474 te
290 1408 453 1473 amicitiam
479 1429 541 1472 nen
566 1408 684 1494 opiner.
727 1410 960 1473 l‘ostumranus:
994 1408 1166 1473 voluissem
1190 1410 1342 1495 equidem,

172 1517 273 1580 neque
291 1494 321 1559 id
342 1494 414 1571 illis,
433 1500 470 1559 ut
488 1492 632 1571 aestimo,
654 1493 946 1579 ingratum'luisset:
967 1494 1038 1571 sed,
1056 1514 1125 1558 cum
1144 1504 1246 1561 essent
1266 1496 1341 1561 ami-

172 1602 279 1647 corum
309 1580 470 1665 conplures
493 1578 567 1644 mibi
592 1601 702 1645 causae
728 1579 785 1644 illis
806 1578 914 1643 diebus
935 1579 1177 1677 pernoscendae,
1210 1581 1249 1644 ad
1271 1602 1340 1646 coe-

172 1688 241 1731 nam
271 1674 336 1730 tum
363 1674 488 1750 rogatus
517 1664 683 1730 meditandi
709 1686 771 1730 non
796 1664 905 1729 edendi
935 1664 1009 1728 illud
1037 1664 1111 1729 mibi
1133 1673 1253 1751 tempus
1275 1687 1342 1730 esse

172 1752 325 1838 respondi,
347 1752 487 1817 hortatus
510 1769 549 1814 uc
571 1771 638 1818 sum
659 1759 696 1819 ut
717 1751 809 1818 alium
829 1750 932 1836 potius
951 1750 1036 1815 nullo
1059 1750 1229 1816 involutum
1249 1772 1340 1835 nego-

141 1838 216 1905 'itie
240 1846 334 1923 atque
359 1857 377 1903 a
400 1857 474 1902 cura
489 1770 628 1904 liberum
656 1842 847 1923 quaererent
894 1836 1004 1924 ltaque
1025 1835 1139 1904 iactum
1165 1844 1219 1904 est
1263 1837 1339 1905 Nam

239 2040 318 2107 ldlss.
337 2036 495 2091 ABGPSM.

170 2126 257 2178 uiam
273 2126 343 2189 (orn.
361 2129 413 2185 est)
432 2124 475 2174 ab.
510 2123 538 2174 oi
556 2130 594 2176 esi
611 2122 642 2174 Ρ.
659 2151 692 2162 -
713 2130 805 2176 totasr
823 2122 884 2191 giu
902 2140 961 2192 sug.
980 2149 1014 2163 -
1038 2141 1179 2177 sermonen
1198 2140 1278 2192 quoe
1296 2128 1339 2175 stt.

170 2210 312 2246 umorem
329 2210 382 2244 osu.
402 2209 451 2260 que
468 2191 537 2243 ΡΗ
555 2192 590 2252 (d
610 2207 691 2243 eraso
709 2193 773 2259 que)
791 2191 883 2258 „quod
902 2208 936 2242 ne
955 2192 1110 2245 subsistere
1128 2192 1240 2258 quidem
1256 2209 1340 2257 posse

171 2266 266 2329 puto“.
285 2263 370 2313 Gron.
471 2262 496 2311 4.
524 2268 594 2312 recte
609 2277 663 2311 osu.
683 2262 715 2312 d.
745 2288 772 2299 -
799 2261 875 2328 quid
890 2277 952 2311 num
971 2260 1005 2311 G.
1107 2264 1133 2312 b.
1162 2260 1339 2313 dubitandum

170 2338 209 2382 est
226 2331 296 2395 (osu.
313 2335 382 2391 nou)
401 2328 480 2398 egb.
503 2327 561 2380 l'id.
580 2335 685 2380 uot-
703 2329 813 2381 vettium
830 2327 941 2379 s-ul’tt.
976 2328 1090 2395 ed'tiuur
1109 2328 1141 2379 lt.
1175 2329 1287 2380 uetiuru
1303 2328 1338 2378 G.

169 2398 291 2450 aestiuus
310 2396 415 2464 Ass-g.
445 2423 478 2436 -
507 2404 533 2449 et
551 2398 638 2465 qued
656 2397 804 2449 discurreres
822 2396 908 2457 s-bPe
929 2396 956 2447 in
974 2396 999 2447 G
1018 2398 1088 2465 quod
1106 2396 1169 2448 add.
1188 2411 1206 2447 s
1225 2413 1280 2446 rec.
1301 2412 1338 2445 ns,

170 2465 231 2517 t’td.
250 2471 307 2516 not.
324 2471 361 2503 -’
376 2466 479 2533 gratie
494 2464 523 2513 b.
535 2492 570 2504 -
585 2482 603 2516 rs
621 2483 672 2531 quo
690 2466 808 2529 abfuisse
825 2471 895 2525 (osu.
912 2465 952 2527 te)
967 2463 995 2514 S.
1097 2469 1123 2515 6.
1150 2481 1234 2531 neque
1249 2465 1283 2516 irs
1302 2464 1338 2514 il-

169 2534 204 2587 lis
222 2532 253 2584 Δ.
271 2559 304 2571 -
322 2540 351 2583 ut
370 2532 497 2584 existisse
515 2529 597 2597 Sr·g.
615 2558 649 2570 -
668 2540 747 2598 utque
765 2548 828 2583 cura
846 2534 915 2595 (orus.
933 2536 965 2589 a)
984 2529 1019 2592 ὃς
1039 2530 1068 2582 in
1086 2532 1111 2583 G
1129 2533 1192 2582 edd.
1211 2550 1229 2584 ss
1247 2548 1264 2584 s
1283 2549 1338 2583 sec.

168 2716 202 2768 lt
221 2712 351 2767 Klotrius
367 2716 513 2779 comperet
529 2713 597 2764 iuter
613 2719 660 2763 tat
677 2728 727 2762 ors·

168 2800 216 2834 sss
232 2782 265 2833 sd
285 2782 355 2831 diros
371 2796 459 2832 anuos
478 2780 612 2840 relatum,
637 2787 666 2831 ut
684 2779 726 2830 in·

169 2850 214 2902 irs
237 2851 254 2913 S
275 2850 314 2899 18.
349 2856 397 2900 tot
423 2848 480 2899 dies
508 2847 639 2898 dicuntur
666 2847 727 2899 dies

168 2925 227 2970 tres
251 2916 296 2967 vel
326 2916 365 2977 (ei
395 2914 514 2982 respicis
538 2917 572 2968 sd
597 2932 631 2968 ea
654 2932 727 2981 quoe

167 2985 302 3051 leguntur
319 2983 425 3047 inires
445 2988 483 3035 15.
505 2984 644 3050 usquead
665 3001 725 3051 cap.

167 3057 198 3114 s)
216 3059 361 3119 quattuor,
381 3060 410 3103 et
427 3051 491 3116 l'll,
508 3055 535 3115 3,
551 3056 586 3103 di
604 3059 650 3104 tot
665 3053 727 3119 pisi·

168 3121 335 3188 losoplroutes
379 3119 509 3171 dicuutur
549 3118 727 3183 Aristoteles,

167 3188 349 3249 Plutarchus,
366 3186 510 3252 Apuleius.

202 3259 225 3306 3.
261 3254 386 3321 licuisset]
416 3253 727 3321 Plusquamperlectuns

167 3339 218 3391 pro
237 3322 403 3388 imperfecto
421 3322 542 3389 ponitur.

200 3390 313 3471 tautum]
341 3388 638 3457 „Subintelligeudurn
656 3393 727 3440 tesn-

168 3458 254 3525 poris,
271 3459 333 3523 otri,
352 3458 549 3510 corretionis.“
565 3457 657 3508 (lucu.

199 3530 225 3577 s.
262 3529 304 3578 An
326 3544 388 3578 uero
412 3527 585 3579 dubitandum
606 3543 658 3576 nou
686 3532 724 3577 est

166 3596 230 3663 quin
247 3595 277 3646 id
298 3594 383 3661 dicas]
405 3594 484 3646 llaec
508 3593 532 3644 si
557 3593 725 3658 interpretu-

166 3671 211 3714 tus
235 3663 336 3714 tueris:
365 3663 425 3727 „dn
448 3678 515 3715 vero
539 3677 573 3712 ne
597 3661 724 3713 dubitare

165 3731 277 3797 quidem
300 3732 368 3783 licet
386 3730 452 3798 quin
473 3731 500 3783 id
523 3727 652 3791 diess‘l“,
671 3730 724 3780 tol·

165 3798 241 3851 letur
266 3799 404 3852 dubitatio
430 3816 513 3865 qssaru
541 3796 629 3850 movit
652 3798 724 3849 Zeu·

165 3865 228 3917 nius
246 3867 405 3918 adnotando
423 3868 541 3919 haecce:
561 3866 662 3930 „llunc
681 3867 724 3916 lo·

165 3950 228 3985 eom
245 3950 308 3984 esse
323 3942 485 4001 corruptum
508 3935 623 4002 linguae
643 3935 723 4000 leges

165 4001 340 4053 convincunt.
375 4003 485 4054 Etenim
511 4020 573 4053 curu
596 4021 649 4053 nors
673 4002 723 4052 dss-

163 4070 257 4128 lsitm,
275 4068 300 4119 si
316 4068 518 4137 interrogative
534 4069 655 4134 ponitur,
671 4068 723 4118 lsa-

163 4136 231 4189 baut
249 4135 305 4186 vius
328 4135 437 4201 aiendi,
465 4152 518 4187 uon
537 4137 621 4188 debet
642 4135 722 4200 sequi

163 4202 305 4271 particula
321 4205 383 4270 quin
410 4203 460 4254 sed
475 4222 520 4257 ess.
544 4205 722 4271 Quapropter

163 4277 213 4323 sut
224 4271 366 4338 antiquans
394 4270 542 4335 sotionem,
554 4288 625 4339 quse
639 4270 723 4325 omit·

164 4338 200 4390 tit
217 4340 289 4391 illud
307 4358 370 4404 aaa,
382 4340 566 4393 reveesodsns
582 4356 645 4392 esse
659 4354 723 4391 esu·

164 4423 223 4469 seo,
243 4415 301 4469 aut,
319 4407 392 4474 quod
411 4406 532 4461 iortsssc
547 4406 651 4461 melius
668 4412 722 4471 est,

164 4475 277 4528 subiato
301 4474 523 4536 interrogatione
548 4492 586 4529 ors
612 4480 723 4527 mutas-

126 4580 133 4589 -
165 4543 231 4597 slrsru
253 4543 282 4596 iu
307 4551 350 4598 atr
375 4543 447 4598 ssleo
471 4551 501 4599 ut
523 4542 723 4599 rum-issu·

777 2710 832 2763 sibi
857 2710 917 2779 ipss
942 2711 1118 2776 respondeat.
1156 2711 1240 2763 Certe
1262 2714 1337 2766 eninr

776 2786 806 2833 ssi
826 2796 887 2831 vero
906 2779 1136 2847 occupationibus
1158 2781 1267 2831 servire
1286 2782 1338 2832 dss-

777 2849 841 2899 duru
867 2864 884 2899 ss
907 2846 976 2897 siris
999 2847 1118 2899 eruditis
1138 2855 1180 2900 cst
1203 2849 1338 2901 ssisserrss-

778 2917 866 2968 tuur.“
914 2914 1040 2981 Namque
1070 2915 1256 2979 interrogetis
1284 2917 1337 2970 illa

777 2983 919 3037 rlrctorica
938 3001 990 3034 non
1010 2984 1086 3036 tollit
1104 2983 1291 3052 negationem.

811 3053 881 3121 quod
898 3087 924 3102 ..
937 3088 945 3103 .
956 3055 1026 3121 suit,
1045 3061 1070 3105 ei
1084 3053 1232 3104 discurrens
1249 3090 1273 3103 ..
1294 3055 1336 3106 ui-

776 3119 902 3173 cissitudo
937 3120 1065 3186 uariauit]
1107 3120 1129 3170 E
1163 3122 1336 3177 nominativo

813 3190 846 3240 od
870 3187 1075 3255 intelligendus
1093 3196 1136 3240 est
1156 3190 1336 3244 aecusativus

776 3206 810 3307 lul
832 3256 923 3307 altera
951 3257 1108 3308 sententiae
1135 3266 1228 3325 perte,
1262 3261 1335 3326 quod

777 3340 839 3375 essm
857 3340 910 3374 non
928 3323 999 3376 bene
1016 3343 1047 3376 se
1062 3325 1167 3376 habere
1182 3327 1336 3389 uideretur,

776 3392 1335 3516 titlurtr'cutt‘t“t“uu

774 3527 904 3596 prolepg.
924 3544 949 3593 p.
971 3545 1054 3580 usur
1074 3537 1144 3580 extr.
1174 3501 1182 3526 ²
1219 3501 1227 3527 ⁹

808 3596 965 3647 doctissimis
1006 3613 1143 3663 procerum
1180 3596 1332 3664 ceterisque]

775 3662 902 3716 0llendit
921 3680 965 3714 me
985 3666 1090 3726 ceteris,
1118 3679 1180 3713 cum
1200 3680 1253 3715 non
1273 3682 1334 3716 cer·

774 3737 818 3783 tus
836 3731 875 3782 sit
892 3748 1024 3783 uumerus
1042 3733 1075 3782 ud
1094 3748 1175 3796 quesn
1190 3730 1262 3783 baec
1281 3749 1333 3785 vox

774 3800 923 3851 relcruinr.
964 3799 1161 3880 interpreteris
1190 3801 1334 3870 ceterisque

774 3870 820 3935 qui
838 3869 966 3929 edetanis
989 3874 1020 3919 ut
1042 3867 1116 3918 rnirts
1133 3867 1202 3918 iuter
1218 3870 1333 3937 reliquos

773 3944 802 3987 et
826 3937 941 3987 omniura
967 3937 1000 3988 ad
1029 3935 1209 3987 conuiuarum
1235 3953 1334 3991 nume·

774 4020 835 4055 rnus
855 4005 975 4055 noudum
995 4002 1134 4070 proditum
1154 4004 1285 4057 retertur.

806 4076 832 4122 e.
872 4073 1015 4123 l'oluissern
1037 4072 1169 4137 equidem]
1192 4073 1234 4125 Ex
1253 4079 1333 4126 ante·

773 4139 936 4189 cadentibus
962 4139 1080 4204 abfuisse
1104 4175 1131 4190 ..
1159 4159 1212 4192 nors
1240 4144 1332 4209 opiner

772 4205 919 4272 intelligas
936 4224 988 4257 non
1003 4208 1129 4269 obfuisse.

804 4272 1007 4341 pernoscendae]
1031 4275 1106 4325 idern
1137 4293 1198 4326 esse
1222 4274 1332 4326 ridetur

773 4355 806 4391 tte
824 4342 972 4404 discendae,
992 4342 1027 4393 cl'.
1046 4345 1062 4407 §
1086 4348 1107 4394 l.

807 4411 844 4459 ud
861 4427 968 4461 coenam
985 4417 1040 4462 turs
1058 4408 1182 4496 reputes]
1205 4409 1225 4459 i.
1244 4426 1268 4459 e.
1289 4409 1330 4460 in-

771 4475 890 4536 vitatus,
918 4485 1041 4529 vocatns.
1076 4477 1180 4528 Eadem
1202 4476 1229 4528 ri
1249 4494 1332 4528 usur·

772 4550 868 4613 patum
886 4560 949 4599 esse
965 4545 1058 4598 salsus
1076 4544 1192 4599 verbum
1214 4547 1332 4618 rogandi
