2812 5242
146 130 212 196 534
623 111 836 179 MACROBH

97 293 298 387 pfflpamplius
322 289 460 373 adpetat,
481 282 652 348 subducitis
672 280 772 345 adbuc
791 277 987 343 desideranti.
1033 276 1110 343 ldeo
1133 277 1230 344 vobis
1252 298 1333 376 com-

100 384 141 450 13
150 387 253 448 monto
281 374 333 438 tali
357 393 420 436 non
443 368 574 454 qualitas
601 365 654 431 sed
684 364 793 430 modus
821 363 989 448 quaeritur.
1041 362 1140 442 Quod
1167 372 1276 428 autem
1303 385 1332 427 m

149 461 267 531 edendo
290 459 370 521 sicut
394 457 424 519 in
446 453 581 539 potando
602 451 712 515 suades
732 449 813 514 saria
832 448 930 525 vitari,
952 448 1044 511 habet
1064 448 1195 513 latentis
1219 449 1331 534 captio-

147 550 196 614 nis
219 542 357 619 insidias,
385 539 457 622 quia
478 536 602 602 nomine
623 533 830 599 similitudinis
858 533 1022 596 coloratur.
1069 532 1224 598 Ceterum
1247 534 1278 599 lo

150 634 208 699 alia
232 638 323 713 potus
353 624 413 688 alia
439 622 576 687 ciborum
601 620 680 683 ratio
706 627 761 683 est
807 618 887 697 Quis
916 617 996 681 euim
1028 637 1185 701 umquam
1213 619 1254 683 ed

102 715 317 804 ltplurimum
339 719 440 774 mente
462 706 617 771 sauciatus
637 712 698 779 est,
721 701 804 788 quod
829 703 859 766 in
878 701 1012 766 bibendo
1036 703 1215 786 contingit?
1261 705 1330 770 Far·

150 810 201 866 tus
221 797 290 862 cibo
308 793 466 858 stomacho
484 791 530 857 rel
552 796 657 854 rentrc
680 795 837 872 gravatur:
859 786 977 851 inlusus
1000 787 1070 851 vino
1094 787 1130 852 fit
1153 788 1270 853 similis
1290 789 1331 854 in·

150 905 236 956 sano,
254 881 373 964 opinor,
393 877 466 959 quia
485 873 655 939 crassitudo
677 872 736 939 cibi
758 893 822 936 uno
842 871 872 936 in
895 873 964 936 loco
988 892 1173 956 permanens
1193 883 1335 959 exportat

151 964 443 1034 administrationem
462 959 649 1043 digestionis,
667 967 698 1021 et
715 965 789 1021 tunc
808 958 931 1021 demum
956 957 1101 1020 membris
1121 958 1241 1023 sensim
1262 981 1334 1025 oon·

152 1053 249 1119 iectus
271 1048 433 1112 inlabitur:
456 1053 562 1130 potus,
584 1051 620 1106 ut
640 1050 749 1107 natura
769 1042 878 1117 levior,
901 1063 972 1105 mox
994 1041 1089 1106 altum
1113 1043 1208 1127 petit,
1232 1052 1265 1109 et
1287 1066 1333 1110 oe-

151 1136 286 1209 rebrum,
306 1129 390 1216 quod
409 1130 439 1194 iu
463 1128 574 1193 vertice
592 1128 725 1191 locatum
749 1135 805 1203 est,
824 1126 894 1190 ierit
911 1125 986 1190 lumi
1006 1126 1133 1191 calentis
1156 1128 1334 1214 aspergine

105 1221 195 1294 l5Et
220 1219 289 1282 ideo
317 1215 398 1280 varia
420 1214 489 1278 rina
509 1213 659 1287 nitantur,
686 1232 725 1275 nn
742 1231 804 1287 res,
834 1232 913 1295 quae
935 1211 972 1274 ad
995 1211 1221 1296 possidendum
1242 1225 1337 1300 eaput

152 1302 310 1388 repentina
331 1307 387 1374 est,
405 1299 505 1362 calore
526 1305 588 1360 tam
610 1297 729 1361 diverso
752 1317 844 1381 quam
869 1295 972 1360 subito
992 1296 1111 1360 consilii
1131 1297 1240 1361 sedem
1263 1320 1334 1365 sau-

153 1388 221 1453 cict.
267 1384 360 1463 Quod
382 1403 480 1465 aeque
503 1381 533 1445 in
558 1381 617 1445 cibi
642 1382 786 1445 varietate
810 1381 1008 1444 metuendum
1034 1381 1116 1444 nulla
1145 1381 1335 1463 similitudo,

104 1472 231 1542 ltirstio
252 1468 334 1532 nulla
356 1466 527 1551 persuadet
572 1465 607 1528 ln
630 1465 680 1530 illa
703 1486 776 1530 vero
795 1465 1016 1550 disputatione,
1037 1485 1097 1550 qua
1119 1464 1332 1550 digestionum

153 1554 291 1619 ordinem
313 1570 453 1615 sermono
472 1549 628 1614 luculento
648 1557 679 1613 et
700 1550 784 1614 vario
804 1550 971 1632 digessisti,
996 1549 1044 1613 illa
1065 1551 1168 1615 omnia
1193 1555 1335 1637 quaeda

153 1647 262 1703 natura
295 1635 420 1699 humani
453 1635 589 1719 corporis
620 1633 701 1697 dicta
733 1642 806 1698 sunt
840 1643 872 1697 et
901 1633 974 1698 nihil
1006 1643 1119 1700 nocent
1151 1639 1335 1722 propositae

153 1721 325 1808 quaestioni
346 1728 378 1786 et
395 1721 575 1804 eloquenter
593 1718 673 1782 dieta
691 1740 753 1783 non
775 1718 901 1802 abnego.
947 1718 993 1783 llli
1011 1719 1068 1783 soli
1088 1740 1152 1784 non
1170 1722 1335 1790 adsentior

153 1807 237 1892 quod
259 1826 350 1870 sucos
372 1804 471 1870 varios
493 1803 531 1866 de
554 1803 692 1867 ciborum
714 1803 860 1868 varietate
880 1802 1034 1868 conlectos
1058 1804 1133 1869 dicis
1155 1810 1333 1875 contrarios

153 1912 220 1956 esse
244 1889 438 1975 corporibus,
467 1908 536 1951 cum
564 1908 692 1971 corpora
720 1888 785 1972 ipsa
813 1887 851 1951 de
873 1888 1034 1952 contrariis
1057 1889 1261 1972 qualitatibus
1286 1893 1330 1959 la-

106 1965 271 2040 llbricata
291 1974 361 2036 sint.
404 1973 452 2035 Es
470 1971 568 2036 calido
591 1972 670 2035 enirn
693 1980 724 2035 et
744 1971 866 2053 lrigido,
888 1972 926 2036 de
947 1972 1029 2037 sicco
1050 1981 1082 2036 et
1101 1972 1233 2040 humido
1256 1999 1331 2043 eon·

153 2065 279 2123 stamus.
323 2055 418 2121 Cibus
439 2075 510 2120 vero
534 2055 662 2142 simplex
685 2056 735 2120 cui
756 2057 844 2120 adest
867 2077 974 2121 sucum
995 2055 1033 2121 de
1059 2077 1092 2121 so
1114 2059 1209 2124 tinius
1230 2064 1331 2147 quali·

153 2142 226 2209 tatis
260 2140 380 2205 emittit.
442 2139 563 2205 Scimus
599 2148 701 2205 autem
738 2140 886 2205 similibus
924 2140 1032 2205 similia
1072 2143 1192 2208 nutriri.
1259 2148 1333 2228 Die,

107 2224 286 2313 laquatico,
316 2224 399 2291 unde
424 2233 487 2290 tres
514 2225 590 2289 aliae
614 2225 776 2309 qualitates
797 2225 934 2310 corporis
959 2226 1155 2291 nutrientur?
1199 2229 1332 2317 Singula

154 2320 256 2377 autom
277 2310 315 2374 ad
339 2331 372 2375 se
393 2310 619 2375 similitudinem
643 2310 690 2375 sui
713 2330 820 2396 rapere
839 2310 925 2375 testis
947 2310 1165 2396 Empedocles,
1191 2317 1248 2400 qui
1269 2319 1332 2385 ait:

227 2496 309 2563 [un.
327 2495 433 2548 arsa.

153 2585 241 2639 (corr.
260 2578 288 2628 in
307 2577 462 2635 adducas)
482 2578 516 2627 11.
541 2606 574 2616 -
604 2578 669 2627 Sed
684 2579 757 2630 adeo
775 2580 847 2630 uobis
866 2580 896 2631 P.
1003 2585 1042 2633 13.
1068 2582 1135 2635 sicut
1151 2583 1180 2636 in
1196 2588 1329 2657 potando]

153 2643 197 2694 (ll.
216 2660 238 2693 c.
256 2645 359 2706 4,§r.
392 2669 420 2682 ·-
453 2644 606 2710 aliapotus
624 2659 679 2693 uns.
697 2643 777 2696 tsfl.
803 2670 837 2683 ·-
867 2648 990 2717 contigit
1010 2649 1038 2701 S.
1143 2654 1184 2703 14.
1212 2656 1330 2713 saratas

152 2709 263 2761 saites.
289 2735 320 2746 -
346 2709 479 2760 stomacho
499 2711 540 2760 uel
562 2717 650 2761 uentre
669 2710 855 2779 Ass-gillia.
892 2716 1063 2767 stomachum
1081 2718 1123 2768 nel
1141 2728 1264 2773 oentreas
1280 2725 1329 2776 s·b

152 2775 213 2828 Pri.
319 2778 358 2825 ld.
393 2777 422 2827 ln
439 2776 489 2826 illa
506 2792 566 2828 cero
585 2778 782 2898 disputationsp
799 2781 841 2831 Cl.
862 2797 885 2831 c.
904 2786 967 2846 4,§
985 2788 1001 2834 9
1021 2801 1080 2850 sqq.
1112 2813 1140 2825 -
1173 2789 1213 2839 de
1241 2791 1330 2843 assisti

152 2842 236 2894 tb-
255 2842 303 2894 nil
322 2842 404 2893 ll.-
423 2843 498 2910 diris]
517 2861 539 2894 c.
559 2849 585 2907 4,
604 2846 620 2905 S
638 2848 676 2895 11.
703 2845 746 2898 cl.
785 2847 835 2899 lut.
852 2848 870 2899 l.
889 2866 911 2898 c.
1021 2855 1058 2901 11.
1084 2861 1112 2904 et
1131 2855 1198 2906 sicco
1232 2859 1326 2910 ascida

152 2912 222 3029 ἓοω.
241 2911 287 2970 ds)
305 2910 336 2960 Α.
354 2934 386 2948 -
404 2910 513 2977 simplex
530 2928 582 2961 orn.
602 2911 635 2962 ll.
653 2939 688 2951 -
706 2915 750 2965 asi
768 2917 843 2968 adest
860 2915 1101 2975 asur-guttans.
1121 2920 1198 2984 „Noa
1216 2924 1323 2976 snslc.“

176 2993 238 3028 sua.
273 2992 327 3027 om.
346 2976 424 3027 s-bl'.
445 3004 477 3015 -
495 2978 567 3030 aliae
585 2987 637 3032 tres
655 2996 715 3049 ng.
737 3009 769 3020 —
788 2985 940 3051 qualitatis
958 2983 987 3034 S.
1009 3013 1036 3022 -
1063 2990 1222 3040 nutriantur
1238 2990 1320 3043 s-nr.

152 3148 232 3201 uses
256 3146 399 3202 continent
426 3165 459 3203 ea
485 3166 556 3218 quaa
587 3153 713 3221 eogltent
764 3155 1104 3224 dictumest,quuml1ie
1124 3163 1325 3217 lamuasitai·

151 3213 265 3278 medici,
283 3221 313 3268 at
332 3216 360 3269 ln
379 3219 488 3270 Graeco
506 3236 635 3272 sermone
650 3239 712 3288 pnr—
763 3223 806 3275 bil
824 3223 878 3276 nisi
898 3241 993 3292 sapor.
1020 3227 1077 3280 Neo
1096 3232 1188 3283 minus
1207 3231 1235 3283 id
1252 3232 1325 3300 quod

152 3281 256 3336 tlculae
284 3286 362 3351 qnasi
388 3288 554 3354 respondeat
582 3282 620 3347 de
648 3307 711 3342 curn
762 3292 889 3357 sequitur
907 3294 919 3358 5
937 3298 976 3344 15.
996 3312 1064 3360 pune
1080 3299 1120 3347 nd
1136 3301 1327 3365 possidendam

152 3349 310 3418 partlclplo.
763 3368 844 3426 eaput
869 3364 1047 3426 repentina
1075 3373 1122 3413 est.
1161 3365 1205 3416 Cf.
1227 3368 1258 3433 V,
1286 3372 1327 3433 13,

185 3418 273 3470 sanna
299 3419 472 3488 desideranti]
502 3421 520 3474 1.
539 3439 563 3474 s.
590 3422 711 3475 nondum
762 3429 805 3475 et.
827 3432 855 3477 at
874 3427 1004 3478 Alexand.
1025 3428 1162 3478 Paululam.
1182 3432 1264 3497 phys.
1289 3437 1327 3500 11,

151 3485 249 3538 sedato
266 3485 414 3539 desiderio.
763 3497 806 3542 tr.
817 3487 878 3544 Ὅτι
894 3488 923 3543 ἐκ
940 3494 991 3544 τοῦ
1008 3492 1108 3542 πολλοῦ
1126 3492 1205 3543 οἴνου
1222 3499 1326 3549 πλείων

187 3556 227 3603 111.
263 3555 326 3620 quia
344 3556 448 3606 namins
465 3555 649 3607 similitudinis
667 3575 711 3607 cc·
763 3553 861 3619 αὐτοῖς
891 3553 1124 3619 ἀναθυμίασις
1152 3554 1260 3621 γέγονεν
1288 3558 1322 3612 ἅ-

150 3618 263 3687 loratsr]
283 3620 300 3671 l.
318 3637 342 3672 s.
362 3622 429 3687 qula
447 3621 482 3672 ab
501 3627 618 3686 utroquo
631 3630 712 3689 parts
763 3621 917 3690 rpoidoac
937 3619 1128 3683 serenator
1152 3618 1222 3687 πρὸς
1248 3619 1322 3691 ἐγκέ-

150 3685 229 3737 aarle
257 3687 388 3739 dlcuntur
415 3704 479 3737 essa
509 3688 631 3740 vitanda.
668 3691 712 3742 (ll.
763 3693 862 3758 φαλον.

150 3752 242 3804 Voles.
263 3755 334 3804 bles.
353 3753 426 3809 l'lll.
447 3758 473 3814 2,
491 3758 515 3803 2
544 3756 712 3810 libidinosa·
798 3761 836 3807 ta.
863 3752 1098 3830 ratiapersuadet]
1116 3751 1158 3804 01.
1178 3773 1202 3808 e.
1221 3760 1248 3822 1,
1266 3763 1322 3823 §3-

149 3819 336 3872 liberalitatem
363 3822 445 3872 debiti
468 3823 601 3874 nomine
626 3827 710 3876 colo·
797 3825 836 3871 ll·
872 3820 915 3869 Εἴ
937 3818 1025 3869 ⁶⁰¹⁸th
1043 3856 1066 3870 ··
1087 3827 1249 3892 malumus]
1279 3830 1323 3882 (il.

149 3888 265 3935 rande.
760 3890 835 3953 521.
855 3893 883 3935 et
901 3884 1007 3936 Comsn.
1027 3886 1049 3949 l,
1068 3891 1094 3951 6,
1114 3892 1156 3941 40.
1178 3894 1221 3942 Ex
1241 3906 1321 3960 qnae.

183 3951 289 4013 s'nsnsns
307 3954 378 4018 cisso]
398 3952 440 4004 cl.
460 3970 482 4003 e.
497 3956 522 4012 8,
541 3955 599 4016 51.
759 3964 818 4009 tuor
834 3953 968 4003 elementis
985 3962 1009 4005 st
1029 3957 1112 4006 tribus
1131 3974 1218 4010 eorum
1237 3963 1322 4014 inter·

182 4018 325 4082 contingit]
354 4021 428 4070 irtam
453 4022 588 4084 estquod
614 4026 709 4087 euenit,
759 4022 839 4074 stitiis
869 4022 1058 4073 absolutionem
1090 4043 1134 4076 car
1154 4044 1226 4078 orum
1258 4048 1321 4081 con-

149 4083 194 4136 vel
213 4084 336 4149 efficitur.
372 4084 494 4146 cr.e.a,
518 4090 623 4150 §Stet
642 4109 664 4142 c.
684 4096 709 4155 1,
758 4097 828 4142 stara
849 4093 1018 4154 manifestans
1044 4099 1090 4170 est.
1128 4043 1254 4147 dotanda
1280 4104 1322 4149 cst

149 4155 165 4215 §
190 4156 228 4201 10.
760 4157 1001 4225 praepositionum
1022 4159 1152 4212 narratio.

182 4222 221 4271 ll.
258 4217 513 4271 administrationem
540 4223 708 4290 digestionis]
796 4227 838 4276 eui
870 4227 955 4292 adest]
991 4226 1069 4276 Haec
1105 4233 1221 4293 possunt
1255 4245 1321 4281 saus

146 4283 191 4337 (li.
212 4303 235 4336 c.
255 4289 280 4348 d,
299 4287 312 4349 i
328 4289 363 4336 11.
385 4304 452 4354 quae
466 4290 705 4340 administran-
761 4292 853 4344 omitti
868 4311 951 4344 sensu
966 4311 1018 4344 usin
1037 4294 1156 4345 violato:
1173 4297 1220 4346 sed
1237 4314 1320 4362 quum

147 4353 219 4403 dnm
239 4355 433 4406 alimoniam
458 4363 618 4422 receperunt.
761 4359 790 4409 iu
817 4361 947 4412 omnibus
973 4361 1032 4410 lere
1056 4362 1200 4414 codicibus
1224 4364 1322 4431 legen·

174 4421 248 4481 sensi
276 4457 299 4471 ..
332 4423 484 4490 aspergine]
519 4423 592 4473 miro
624 4421 706 4472 ruodo
761 4432 816 4486 tur,
836 4443 888 4477 noa
907 4427 1040 4492 estquod
1061 4431 1264 4483 cadaloamus.
1298 4431 1320 4483 Ε

103 4624 198 4639 ...ffl-
