2812 5242
301 459 665 530 sardurtfflouuu
686 464 764 531 uu.
787 467 840 532 lv.
865 467 957 534 CAP.
977 472 1018 536 ll.
1183 476 1245 543 abt

550 667 593 680 -
613 633 676 698 Per
697 635 797 701 aedas

200 714 283 776 Ausa
303 716 389 799 sequi
406 726 433 779 et
448 717 589 801 prosapie
609 730 668 784 toto
688 741 734 785 me
756 741 906 807 opponere
925 735 1026 808 ponto.

68 796 214 865 Secunda
233 805 304 882 post
325 797 400 863 baec
422 798 603 884 hyperbole:

198 883 378 969 Absumptae
397 886 431 948 e’n
452 886 581 952 Tesserae
602 889 681 953 neres
701 890 833 977 eaels'qsse
854 893 1013 978 maresque.

70 968 145 1033 lade
170 966 326 1052 dispersae
347 969 505 1054 querelae:

196 1054 285 1223 sspe'p
300 1052 402 1188 §grtes
418 1067 472 1120 aas
488 1054 591 1143 Scylla
609 1056 694 1133 etti,
714 1060 789 1145 qaid
809 1071 894 1124 nasta
915 1060 1079 1149 (darylde's

242 1151 333 1203 eust.

67 1223 209 1309 Iungitur
228 1223 339 1288 deinde
361 1230 575 1307 argumentum
593 1245 613 1288 a
632 1224 760 1303 minore,
779 1233 815 1291 ut
832 1228 942 1313 patbos
960 1239 1124 1315 augeatur:
1249 1239 1271 1303 a

424 1345 464 1355 —
482 1309 569 1375 Mass
587 1312 715 1396 perdere
733 1325 848 1398 perstem

196 1395 352 1458 lnsnonem
370 1393 532 1480 Lapitham
555 1396 656 1460 oalm't.

67 1479 171 1544 blinor
193 1479 309 1543 scilieet
329 1498 477 1563 persona:
499 1478 570 1544 ideo
590 1479 663 1545 illud
685 1479 839 1566 sequitur:

194 1566 249 1629 Ast
268 1586 321 1651 epo
340 1586 450 1649 magna
466 1565 548 1629 loesi
570 1568 714 1631 enniana.

69 1649 198 1725 Deinde,
220 1669 290 1713 euni
314 1670 421 1713 causas
446 1669 572 1733 quoque
593 1651 783 1729 contulisset,
801 1659 917 1736 quanto
938 1650 1055 1738 impetu
1075 1653 1131 1720 dea
1151 1656 1240 1722 dixit:

196 1771 237 1784 -
264 1735 373 1820 lnselr'a
394 1757 472 1822 quae
488 1749 592 1801 mearet
612 1739 646 1802 s'n
667 1739 770 1801 omnia
787 1736 883 1802 nerte'l
1237 1762 1289 1830 μθ]

66 1821 128 1887 Nee
152 1818 242 1884 dixit:
265 1820 333 1884 Non
377 1840 480 1885 ossum
504 1820 630 1905 perdere
652 1827 798 1899 Aeneam,
822 1821 891 1886 sed:

203 1905 308 1969 l's'neor
328 1841 375 1969 ad
386 1908 497 1970 Aenea.

65 1990 184 2055 Deinde
204 1989 364 2054 eoalirmat
381 2011 415 2055 se
435 1989 475 2054 ad
496 1990 687 2068 nocendum,
722 2000 769 2069 et,
806 1990 891 2077 qued
920 1991 1076 2076 proprium
1104 2002 1151 2058 est
1178 1994 1265 2061 ira-l

66 2075 190 2153 scentia,
213 2076 270 2139 etsi
290 2074 431 2160 desperat
447 2075 549 2161 perlici
568 2096 668 2161 posse,
686 2084 787 2142 tamen
809 2074 955 2161 impedire
975 2085 1118 2142 caumata
1137 2087 1198 2145 est:

192 2162 320 2225 Flectere
340 2162 370 2225 ss'
388 2183 499 2247 nequeo
519 2184 660 2247 mperes,
681 2162 849 2227 Acheronta
869 2162 997 2226 monebo.

191 2247 259 2312 Non
282 2246 402 2310 dabitur
421 2248 535 2331 repetis,
559 2259 631 2323 esto,
649 2246 809 2333 probibere
829 2248 956 2323 Laena,

194 2332 231 2394 dt
250 2332 376 2407 natae,
398 2344 485 2417 atqere
502 2354 604 2396 moras
624 2336 714 2397 tann's
734 2333 802 2397 le'eet
818 2332 929 2397 addere
946 2331 1042 2396 rebar.

194 2418 232 2479 At
250 2416 315 2480 ls‘oet
336 2416 492 2480 amborum
511 2418 640 2504 populos
661 2417 819 2481 eamndere
840 2437 953 2502 repam.

66 2501 143 2563 Post
164 2497 237 2563 baee
257 2500 288 2563 in
311 2500 487 2578 norissima,
505 2501 589 2587 quod
610 2500 678 2567 irati
700 2499 829 2565 libenter
850 2499 976 2578 leniunt,
999 2498 1168 2565 maledicit:
1243 2501 1264 2567 8

189 2584 346 2672 Sanpm'ne
368 2588 501 2652 Yroe'aao
522 2599 552 2653 et
567 2586 680 2652 Rutulo
703 2587 840 2651 delabere
859 2588 956 2671 m'rpo,

64 2678 95 2733 et
112 2669 251 2754 protinus
271 2679 484 2756 argumentum
504 2692 521 2734 a
542 2670 633 2737 simili
654 2670 837 2736 eonreaieas
857 2692 894 2736 ex
917 2666 1184 2757 praecedentibus:

471 2794 511 2804 —-
531 2758 590 2823 Nee
608 2760 675 2841 soce
695 2768 811 2822 samam

190 2838 295 2905 caan
309 2862 465 2927 praegnas
482 2843 565 2927 ignee
590 2843 682 2907 eniam
700 2842 822 2927 iugales.

63 2922 158 2985 Vides
195 2942 285 3019 quem
315 2945 406 3010 saepe
436 2925 604 2991 orationem
631 2925 793 2992 mutaverit
824 2946 859 2990 ac
887 2921 1097 3008 frequentibus
1127 2922 1262 3008 ligurisll

64 3006 232 3083 removerit,
247 3009 318 3092 quia
339 3009 393 3085 ira,
410 3031 491 3095 quae
512 3010 611 3077 brevis
632 3011 719 3077 lurer
738 3020 792 3089 est,
813 3032 875 3076 non
938 3017 998 3075 test
1018 3027 1113 3072 unum
1133 3010 1232 3074 eonti-

64 3112 157 3156 nuare
182 3112 303 3158 sensum
329 3092 361 3158 ia
386 3094 549 3180 loquendo.
600 3097 664 3163 Nea
688 3096 800 3162 desunt
820 3117 881 3181 apa
921 3094 1053 3159 eundem
1078 3094 1284 3161 orationeslll

63 3174 299 3243 misericordiam
322 3188 556 3246 eommoventes.
594 3182 716 3247 Turnus
740 3181 778 3246 ad
798 3182 975 3245 Iuturnam:

188 3265 236 3328 Aa
256 3265 361 3329 mesers'
376 3267 483 3350 fratres
501 3266 590 3331 letam
608 3278 641 3333 at
661 3267 779 3333 erssdele
801 3266 937 3331 videres?

861 3467 930 3520 Edd.
949 3465 1162 3534 vtcnbgspdebq

59 3546 129 3599 SPfl,
233 3550 258 3596 ⁵.
285 3554 450 3616 terraeque
468 3553 600 3619 marisque
617 3551 645 3604 S.
748 3554 773 3601 6.
806 3552 933 3619 largitas
949 3550 1018 3601 s‘ssde
1036 3566 1097 3617 s·g.
1113 3577 1147 3590 -
1166 3568 1229 3602 eose-

60 3617 112 3665 s'rss
138 3614 164 3663 ls.
269 3620 292 3666 t.
319 3616 444 3683 desperet
466 3622 497 3669 Α.
599 3624 625 3669 8.
653 3634 818 3686 praegnans
835 3616 912 3685 dmg
934 3616 1011 3684 virg,
1032 3617 1052 3668 l·
1072 3634 1097 3668 e.
1118 3632 1144 3667 v.
1167 3622 1228 3670 82⁰.

60 3683 102 3732 ed.
122 3680 221 3745 Wegn.
241 3709 272 3719 υ
292 3683 302 3731 s'
324 3700 369 3734 ees
386 3701 440 3735 om.
457 3686 486 3736 Ρ,
590 3693 615 3738 9.
643 3686 890 3753 „procedentibus
901 3687 1005 3753 figaris
1022 3691 1082 3734 eset
1099 3683 1127 3735 irs
1147 3681 1230 3737 libra.

58 3748 160 3800 Festus
176 3749 238 3814 [llb.
257 3701 326 3800 xli.
344 3769 368 3816 p.
385 3756 446 3803 att.
462 3754 550 3804 Mnell
562 3752 584 3820 ]=
612 3754 751 3820 presedere
772 3753 892 3805 dicebant
914 3753 1046 3804 interdum
1066 3768 1115 3817 pra
1138 3766 1228 3801 essese·

58 3817 148 3867 dese.“
166 3817 244 3866 Pons.
263 3817 310 3877 (ln
328 3818 350 3868 Α
368 3820 483 3870 estlear
500 3823 570 3885 (del.
588 3823 621 3880 tr)
638 3820 839 3886 frequentibus).
944 3823 985 3870 10.
1015 3817 1066 3883 Ass]
1084 3814 1150 3866 Aen.
1165 3816 1227 3878 ltu,

58 3887 118 3937 6³6.
138 3911 172 3921 -
187 3886 287 3949 sralris
304 3887 392 3938 miseri
406 3886 483 3954 l'irg.
507 3917 541 3928 -
565 3906 581 3938 a
600 3906 627 3940 se
644 3893 719 3953 (sup.
735 3891 800 3954 pro]
817 3886 846 3938 S.
865 3915 897 3926 -
925 3885 999 3953 l's'di]
1016 3883 1052 3935 ils.
1071 3900 1096 3935 r.
1116 3884 1176 3933 6³8.
1194 3910 1227 3925 -

91 4078 118 4125 6.
160 4085 348 4142 argumentum
376 4093 393 4126 a
420 4078 532 4144 minore]
561 4077 619 4128 ob·
703 4080 729 4127 9.
764 4077 816 4141 isa,
835 4092 902 4143 quae
920 4075 1005 4125 bssols
1020 4076 1098 4135 fusor
1115 4073 1163 4139 est]
1181 4072 1225 4125 Gt.

57 4156 139 4192 serra
162 4144 298 4194 omissum
324 4160 387 4194 ease
410 4160 522 4196 versum
547 4149 617 4206 8⁰6„
669 4143 827 4209 lloret.ep.
847 4143 873 4207 Ι,
890 4145 921 4206 2,
940 4144 984 4192 ⁶2·
1010 4141 1054 4191 lsa
1068 4142 1149 4205 saras
1166 4140 1226 4192 bse-

58 4208 87 4260 ln
107 4225 161 4275 qno
179 4219 415 4262 eomnrernorntue
437 4213 514 4262 deam
537 4213 617 4280 geus‘-
668 4213 708 4261 ns's
727 4218 774 4272 est,
790 4217 819 4260 et
834 4226 906 4274 quse
920 4207 961 4260 ibi
980 4206 1227 4260 ettalitOrelliass

59 4283 109 4326 tas.
668 4277 816 4328 Philemon
842 4294 866 4342 p.
888 4280 950 4328 tlt.
969 4274 1022 4326 Ma
1053 4270 1226 4341 Mentorea

92 4346 119 4391 8.
150 4344 215 4406 sace
232 4379 256 4394 ..
279 4345 375 4396 Cisseis
397 4344 546 4413 praegnas]
571 4344 615 4396 Cf,
666 4340 780 4407 πάντες,
804 4336 873 4396 ὅταν
891 4336 1078 4411 ὀργιζόμεθα,
1102 4349 1130 4393 et
1148 4342 1225 4394 Tbe-

59 4406 235 4475 l'irgil.ben.
252 4409 354 4472 linet.
376 4413 445 4463 Face
460 4428 617 4480 praegnans
666 4411 743 4462 mist.
769 4414 840 4460 orat.
860 4408 887 4471 l,
914 4427 940 4475 p.
959 4416 984 4460 t.
1005 4409 1036 4459 l).
1055 4403 1124 4477 'Espe's
1149 4403 1225 4474 alpes

62 4477 159 4528 Cisseis
183 4477 279 4543 regina
310 4479 418 4529 Parim
448 4487 552 4542 creat,
587 4485 616 4531 et
665 4473 717 4545 τὴν
729 4471 816 4545 ὀργὴν
831 4474 935 4544 μανίαν
948 4470 1134 4546 ὀλιγοχρόνιον
1145 4470 1224 4528 εἶναι.

56 4550 130 4609 poet.
154 4544 227 4609 apud
248 4543 305 4596 cie.
327 4546 363 4595 de
381 4545 436 4595 div.
459 4548 486 4607 l,
507 4549 554 4609 at,
572 4550 614 4597 η
705 4549 744 4596 lu.
779 4546 816 4595 art
832 4544 982 4609 laternam]
1001 4557 1135 4606 sororem,
1151 4556 1225 4606 quae

59 4613 129 4676 Quia
155 4620 239 4663 mater
259 4614 379 4679 panida
400 4629 495 4678 parere
515 4631 542 4664 se
567 4630 614 4664 as·
665 4611 693 4662 in
711 4609 937 4663 laeieurbletisei
953 4610 1071 4677 aurlgae
1088 4622 1225 4659 converse

56 4680 158 4731 dentem
182 4682 273 4743 serem
307 4681 370 4730 l'isa
399 4687 435 4730 est
464 4682 491 4730 in
517 4682 615 4732 somnis
665 4678 756 4730 Turni
786 4678 861 4745 regit
888 4693 1015 4738 carram,
1045 4690 1163 4740 aereaque
1187 4675 1223 4726 ad

56 4746 197 4798 Ileosrlra.
230 4746 270 4796 ue
290 4746 380 4797 lurssra
398 4764 538 4816 praegnas
558 4747 614 4799 rid.
664 4747 803 4812 proelium
822 4762 884 4796 eum
903 4743 1023 4796 Teneris
1046 4742 1223 4795 committen-

55 4823 110 4865 not.
129 4815 164 4865 ad
180 4814 232 4876 lll,
252 4816 294 4875 11,
315 4817 355 4863 11.
664 4815 729 4866 dum
747 4812 855 4866 inaltet.
