2812 5242
158 164 221 229 292
629 152 835 219 MACROBll

156 328 229 389 libro
253 322 344 384 tertio
367 322 503 385 daciano:
525 322 661 393 diescet,
684 317 797 400 inquit,
815 321 980 384 institutum
999 322 1151 417 petrium,
1169 322 1323 405 pertinens

111 408 191 489 stand
216 406 376 489 reliyiosses
403 408 636 489 cerimoniamque
660 406 817 467 moiosasm.
869 406 951 487 Ergo
982 405 1124 485 t'irgilius
1154 416 1322 489 utrumque

153 500 309 557 aucturum
331 499 517 559 seruasset
539 488 635 570 sariram
658 487 780 570 quidem
800 490 976 564 t'orroncm,
1002 490 1145 573 quoniam
1168 488 1216 552 illo
1239 489 1322 553 dixe-

154 588 198 641 rat
220 596 334 641 sarcarum
357 573 550 657 arraseredere,
571 572 657 655 seqrsi
681 574 940 649 consuetudinem,
959 584 1119 658 postquam
1140 574 1229 638 dixit:
1256 574 1322 637 Mos

106 678 236 733 assurin.
269 658 438 725 sulsiunuit:
473 658 566 732 (issem
585 658 728 741 protinus
751 661 836 722 sardes
856 662 988 723 illdonec
1008 661 1138 735 coluere,
1164 668 1208 722 et:
1234 660 1322 723 Nunc

107 742 142 815 ἸΙ
157 748 289 811 sssrrsimu
321 764 420 807 rmum
452 742 549 803 llomo
581 742 665 813 colit,
707 761 769 825 quo
802 744 1053 826 perseuerantiam
1089 742 1321 807 consuetudinis

156 838 312 895 asaaurstrat.
351 828 388 889 m
411 824 556 907 quioniam
582 826 690 889 Festus
717 827 865 909 pertinere
894 828 931 891 ad
959 828 1139 893 cerimonias
1166 829 1224 903 ait,
1262 829 1319 890 lum

155 917 233 981 idem
256 910 358 977 almusit
381 910 470 971 Mauo
494 908 653 973 adiciendo
675 933 810 975 socrmn:

448 1030 486 1038 —
509 996 603 1069 (luem
619 996 760 1079 protinus
778 997 866 1060 sardes

280 1078 411 1141 .·llduuoc
430 1080 545 1141 coluere
565 1102 692 1142 suerrum

109 1166 222 1233 lddlos
250 1182 321 1245 ergo
351 1161 514 1245 praecessit
536 1172 567 1224 et
593 1164 692 1225 cultus
713 1164 807 1227 moris
831 1172 953 1227 soc-utus
976 1172 1035 1239 est,
1064 1166 1146 1249 quod
1175 1172 1221 1228 est
1247 1186 1319 1228 eon·

151 1246 298 1311 sssctudo:
331 1255 361 1309 et
381 1246 429 1309 laio
456 1247 661 1311 delinitiouem
685 1248 828 1311 Varronis
850 1249 981 1332 inplevit
1022 1250 1190 1314 ddieicudo
1211 1249 1321 1314 deinde

150 1352 269 1395 socrum
291 1332 425 1394 osteardit
446 1351 560 1394 samem
581 1333 754 1396 cerimoniis
774 1333 917 1405 dicatum,
940 1335 1021 1417 quod
1046 1336 1155 1398 Festus
1176 1335 1319 1399 adseruit.

108 1416 232 1485 lilldem
254 1416 426 1480 observarit
445 1426 476 1479 et
496 1416 525 1479 iu
545 1417 727 1482 alcstulecimo
747 1418 839 1491 libro,
862 1440 930 1481 curn
955 1419 1012 1481 ait:

456 1540 493 1548 -
519 1503 633 1567 dlorcm
654 1506 787 1588 ritusque
808 1525 963 1567 socromsm

278 1586 424 1660 Adiciam,

106 1668 180 1739 ssia
202 1688 265 1753 quo
289 1670 424 1733 ostendit
453 1680 555 1755 apeme
581 1692 696 1735 morem
726 1692 792 1735 esse
820 1671 896 1735 ritus
923 1690 1088 1735 sacrorum.
1136 1670 1196 1736 Sed
1223 1671 1317 1735 histo-

150 1754 211 1819 riae
231 1773 356 1838 quoquo
378 1756 467 1819 lidem
491 1756 520 1818 in
545 1755 590 1817 his
613 1756 749 1821 versibus
771 1764 893 1819 secutus
913 1765 974 1819 cst:

275 1839 342 1903 Mos
364 1854 428 1904 eret
448 1842 590 1927 Hesperio
614 1844 646 1904 in
665 1842 767 1916 Lots'o,
793 1849 823 1903 et
845 1841 970 1925 reliqua.

151 1921 285 1987 Seruauit
319 1924 399 1988 enim
434 1945 596 2007 regnorum
629 1926 869 1989 successionem:
901 1926 1014 2010 quippo
1052 1923 1140 2007 prinai
1173 1941 1315 2005 regnave-

149 2014 220 2071 runt
247 2007 363 2083 Latini,
398 2009 508 2073 deinde
534 2009 659 2086 Albani,
690 2018 722 2073 et
749 2010 819 2075 indc
849 2010 989 2075 Romoaai.
1030 2009 1118 2073 ldeo:
1150 2009 1216 2073 Mos
1245 2020 1316 2081 eret,

149 2090 279 2177 primum
300 2093 388 2169 dixit,
416 2095 558 2180 Hesperio
581 2098 613 2159 isa
634 2096 736 2171 lotio,
761 2103 792 2159 et
813 2104 933 2180 posteo:
957 2095 1052 2171 Quem
1067 2095 1209 2179 protinus
1229 2092 1317 2155 sorbes

146 2176 279 2241 Albanae
303 2179 419 2243 colerere
443 2201 578 2251 coemam:
611 2179 719 2244 deinde
745 2180 889 2245 subiecit:
928 2182 1015 2245 Nunc
1047 2180 1183 2242 marimo
1214 2198 1317 2242 rerum

147 2262 244 2325 llomo
266 2263 342 2327 colit.

96 2360 149 2429 μῦ]
233 2346 290 2411 ΙΧ.
334 2349 494 2413 Recessere
516 2370 615 2412 omncs
636 2350 734 2435 adytis
756 2350 878 2435 orsaque
899 2349 1008 2414 relictis

274 2432 319 2494 Di
337 2435 444 2518 quodue
468 2435 627 2519 imperium
647 2434 702 2497 hoc
722 2444 845 2496 steterat.

149 2515 190 2578 Et
213 2515 252 2578 de
280 2516 484 2580 vetustissimo
512 2520 721 2582 Romanorum
750 2536 834 2580 more
863 2524 894 2581 et
919 2516 957 2580 de
981 2514 1193 2579 occultissimis
1221 2513 1315 2577 sacris

214 2684 294 2749 [Mos.
314 2683 438 2735 ABGPS.

144 2766 245 2818 scribo.
288 2766 410 2817 bilisarii
441 2766 556 2817 nicasium
581 2772 713 2832 quantum
738 2765 831 2832 supini
858 2767 884 2817 in
915 2766 1031 2817 unitatis
1063 2772 1127 2816 nola
1157 2766 1313 2819 scribendo.

146 2834 184 2883 llo
207 2834 278 2886 lulio
295 2832 380 2885 Festo
398 2836 524 2885 suscendum
544 2850 606 2884 esse
625 2834 693 2885 olim
713 2833 820 2884 notovit
839 2835 883 2884 sis·
906 2838 1054 2901 magnusf‘
1074 2835 1177 2885 dlours.
1203 2864 1238 2875 -
1266 2836 1313 2886 dc-

142 2901 286 2952 cimotcstio
304 2902 331 2950 la.
347 2930 382 2941 -
402 2904 459 2953 Mos
538 2902 678 2967 sociorum]
697 2902 770 2953 Fest.
791 2902 838 2952 lils.
859 2902 934 2964 xm,
952 2920 977 2967 p.
999 2906 1054 2950 151.
1075 2901 1174 2951 dlassll.
1196 2930 1229 2941 -
1251 2918 1312 2965 ascr-

143 2969 228 3018 tinens
246 2986 299 3018 srsss.
318 2968 348 3017 1⁸.
366 2996 399 3006 —
418 2971 587 3019 ceremonias
603 2969 681 3035 cla-g.
717 2970 900 3020 coerimonias
918 2971 943 3019 Ι».
1052 2974 1088 3018 lt).
1116 2979 1261 3021 auctorum
1280 2968 1310 3018 Β.

143 3043 262 3085 actorem
282 3034 315 3085 G.
341 3062 373 3072 -
400 3036 526 3102 qrsando
544 3038 589 3087 illc
606 3036 638 3085 G.
659 3063 690 3074 -
714 3036 965 3089 sociossocios.
985 3064 1019 3074 ·-
1041 3036 1117 3087 ,Nunc
1136 3042 1205 3102 lassas.
1223 3041 1263 3097 ct)
1282 3035 1310 3087 S.

142 3110 167 3152 ct
186 3108 254 3159 (om.
272 3103 406 3160 Nunc)G.
426 3131 457 3139 -
476 3104 549 3169 quod
566 3104 646 3153 s-al’.
674 3132 700 3141 —
721 3106 893 3156 demonstrat
911 3104 944 3154 G.
1041 3108 1079 3158 12.
1110 3106 1311 3157 essedicsstusss

142 3168 222 3218 s-lsP.
329 3172 369 3219 13.
399 3174 518 3221 seruauit
535 3186 595 3237 s-g.
621 3197 651 3209 -
677 3173 703 3223 in
722 3174 875 3223 duodecimo
893 3172 969 3238 libro]
988 3189 1013 3224 r.
1030 3176 1090 3223 836.
1114 3201 1147 3209 -
1173 3174 1200 3223 iss
1219 3190 1270 3239 quo
1287 3208 1310 3223 ..

141 3251 275 3284 succorum
301 3251 354 3286 osu.
383 3236 415 3285 Ρ.
523 3242 559 3286 Η.
592 3238 719 3289 lsistorioc
746 3241 869 3306 quidem
892 3242 974 3303 fidem
1005 3257 1030 3292 v.
1066 3268 1091 3277 -
1124 3240 1190 3290 inde
1214 3238 1311 3290 Albani

142 3299 247 3365 sss-g.
266 3330 297 3338 -
314 3320 387 3367 qsscm
404 3306 525 3367 protinus
543 3323 606 3355 una
623 3306 723 3358 Albani
739 3308 842 3357 coluere
859 3309 919 3357 uiri
937 3307 1050 3359 encra
1070 3306 1148 3370 (,‚B“
1166 3313 1276 3365 sanans).

209 3366 256 3417 lx.
297 3371 383 3436 Caput
405 3372 444 3421 11
486 3372 523 3422 lle
545 3374 661 3423 carmine
683 3393 734 3442 quo
758 3376 862 3425 cunensi
883 3376 1000 3426 solebant
1021 3376 1060 3425 dii
1078 3376 1204 3425 tutclnscs
1221 3382 1245 3424 cl
1263 3380 1309 3425 out

140 3434 217 3485 sardes
233 3442 280 3487 aut
298 3439 426 3487 exereitus
442 3440 570 3489 dcuoucsi.
593 3440 670 3491 cla-ls.
778 3446 797 3492 Ι.
825 3442 975 3509 discessere]
992 3444 1058 3493 deu·
1078 3442 1115 3504 ΙΙ,
1132 3446 1191 3493 351.
1210 3468 1234 3478 -
1256 3443 1309 3493 isto

139 3605 185 3686 vix⁸
216 3610 374 3673 putaverim
398 3611 570 3663 ilacrolsiusu
595 3615 697 3679 iussam,
750 3616 863 3682 ponitur
898 3617 971 3668 cuim
1002 3617 1028 3666 id
1059 3613 1130 3679 qasod
1165 3612 1305 3675 sequitur:

139 3688 186 3737 qus
206 3673 320 3727 Festum
339 3696 362 3728 e.
381 3682 493 3741 ³510.
512 3690 540 3731 et
557 3698 579 3731 c.
599 3686 624 3732 5.
642 3687 656 3745 §
672 3690 696 3733 l.
751 3684 896 3735 Adiciendo
912 3684 1015 3735 deinde.

139 3748 214 3789 recte
239 3745 425 3796 nominaverit
449 3748 613 3814 Pompeium,
645 3751 698 3799 lsoc
785 3754 825 3799 1³.
861 3752 888 3802 s'n
903 3769 954 3817 quo
970 3748 1082 3801 ostendit
1100 3750 1190 3809 spese
1207 3758 1304 3793 morem

138 3822 236 3857 nomen
263 3809 291 3859 h.
313 3814 330 3862 Ι.
358 3816 517 3864 contudisse
543 3833 605 3865 cum
636 3818 699 3868 lulis'
748 3834 803 3868 esse
820 3819 887 3869 situs
904 3814 1046 3877 sacrorum]
1068 3811 1147 3862 llauc
1167 3808 1305 3876 interpr-s·

137 3872 297 3935 (Caesaris)
328 3882 451 3930 raornine:
482 3884 529 3931 sed
560 3886 696 3947 qaromodo
748 3884 880 3935 tutionem
916 3899 968 3934 non
1004 3877 1130 3933 adscriscis
1165 3877 1305 3944 particulas

136 3941 336 3992 cnscndssndum
357 3947 408 4002 sit.
426 3949 529 3998 nescio.
564 3949 697 4001 Fortasse
747 3968 804 4017 quc.

137 4004 297 4057 Macrobius
308 4022 439 4077 possset-ot
453 4032 620 4081 praenomen
630 4018 696 4069 Sos·
782 4022 822 4069 14.
860 4016 983 4067 Seruauit
1000 4015 1068 4066 enirn
1083 4029 1225 4081 regnorum
1242 4030 1303 4064 sssc-

136 4080 195 4135 tus,
221 4073 304 4139 idque
329 4079 464 4143 scriptum
492 4099 581 4133 usuro
604 4094 695 4135 masta·
745 4082 893 4149 cessionem]
913 4084 1026 4135 Poterat
1043 4081 1303 4132 Macrobiusetissm

137 4148 195 4189 tum
214 4152 257 4191 est
277 4142 304 4192 in
325 4161 425 4196 rsoass.
745 4148 773 4199 h.
791 4153 808 4202 Ι.
827 4152 1067 4216 compersrsdcn.
1080 4148 1139 4199 Kll.
1155 4152 1302 4212 newsum

173 4212 212 4287 tl.
252 4212 368 4277 socrum]
403 4216 458 4263 dut
490 4213 544 4263 hoe
578 4216 694 4266 verbnm
748 4215 1303 4284 SitLotium‚sintAldonipcssecula

135 4275 227 4325 oanstti
259 4287 380 4341 poterat,
415 4287 463 4330 arat
492 4296 564 4346 qssne
592 4281 694 4333 deindo
744 4300 834 4352 seges,
868 4288 910 4336 Sit
936 4288 1085 4337 llonsonss
1112 4294 1204 4352 potens
1232 4284 1302 4333 ltalss

136 4351 299 4405 repetuntur
320 4347 431 4414 sagitta
451 4350 545 4398 scrlsn.
566 4348 607 4399 cf.
629 4366 652 4399 c.
667 4356 692 4401 5.
742 4354 841 4404 uirtute
858 4368 991 4421 propago.

134 4408 193 4469 Sis.
266 4476 272 4489 Ι
777 4418 830 4479 IX,
850 4423 873 4469 1.
906 4420 939 4472 dc
966 4419 1140 4471 uetustissimo
1166 4416 1301 4466 Romano·

101 4476 210 4640 ¹12.
243 4475 378 4540 sn1n.0
403 4478 473 4529 lasse
489 4480 621 4545 diceudo,
642 4498 691 4549 op·
742 4502 799 4537 sum
822 4501 892 4537 ssorc
911 4496 937 4539 ct
956 4487 989 4539 ds
1009 4484 1191 4537 occultissimis
1207 4477 1300 4545 sacris]
