2812 5242
271 434 634 503 snruunauouulr
658 436 735 502 uu.
760 439 782 503 l.
814 438 904 505 CAP.
930 442 1016 509 XVI.
1038 446 1139 513 xvlr.
1202 454 1263 519 115

93 617 178 687 runt,
202 629 267 673 non
287 626 366 672 rana
386 604 561 689 superstitio
582 605 634 669 sad
658 606 736 671 ratio
755 606 853 673 divina
876 613 1076 678 commendat
1126 617 1158 681 Si
1181 621 1291 689 enim3

94 695 154 772 sol,
180 702 217 758 ut
243 691 399 758 veteribus
419 690 544 839 placuit,
577 692 643 788 diae
665 703 692 756 et
709 694 878 791 moderator
899 704 945 759 cst
966 699 1113 765 luminum
1133 703 1261 791 reliqna-

92 803 178 856 rnm,
210 789 241 843 et
263 777 349 841 solus
372 777 465 840 stolis
488 776 658 840 errantibus
681 786 827 861 praestat,
859 800 991 864 ipsamm
1015 805 1087 849 rere
1107 787 1260 854 stellarum

93 886 205 929 cursus
231 862 368 927 ordinem
398 880 498 925 rerum
526 860 742 937 bumanorum,
775 872 811 927 ut
832 864 1013 947 quibusdam
1037 870 1172 948 ridetur,
1206 895 1261 959 pro

95 956 248 1035 potestate
266 947 446 1033 disponunt,
468 956 504 1010 ut
524 946 646 1010 Plotina
667 955 788 1012 constat
807 949 968 1032 placuisse,
995 952 1177 1037 signiticant:
1208 980 1260 1023 ne-

96 1054 186 1098 cesse
212 1042 257 1097 cst
281 1041 314 1096 ut
337 1031 447 1108 solem,
487 1030 539 1116 qui
565 1031 742 1096 moderatur
763 1042 866 1098 nostra
888 1035 1094 1115 moderantes,
1125 1042 1261 1108 omnium

97 1140 181 1268 puae
197 1118 272 1183 cirea
290 1138 344 1180 nos
363 1125 512 1200 geruntur
530 1114 680 1180 fateamur
699 1124 863 1182 auctorem.
908 1121 949 1183 Et
970 1121 1049 1187 sicut
1068 1124 1169 1203 Maro,
1192 1132 1291 1195 comt

119 1225 137 1268 e
158 1225 216 1268 una
236 1204 354 1267 Iunone
373 1201 501 1265 diceret:
533 1202 601 1278 Ono
619 1203 742 1267 nemim
762 1204 856 1280 laeso,
884 1208 1018 1271 ostendit
1037 1208 1129 1273 unius
1149 1211 1199 1276 dci
1220 1211 1261 1277 el-

96 1287 193 1353 lectus
217 1288 316 1353 varios
341 1306 398 1371 pro
423 1285 512 1351 variis
536 1287 705 1351 censendos
734 1308 799 1352 esso
828 1290 1019 1368 numinibus,
1054 1292 1096 1357 ita
1127 1295 1263 1363 diversae

95 1375 224 1438 virtutes
252 1371 323 1437 solis
352 1371 474 1435 nomina
495 1369 542 1434 dis
564 1370 725 1436 dederunt:
758 1373 839 1437 unde
868 1373 906 1438 ἓν
930 1370 967 1439 τὸ
995 1378 1061 1440 πᾶν
1090 1381 1261 1476 sapientum

95 1458 248 1555 principes
268 1456 476 1542 prodiderunt.
522 1456 674 1520 Virtutem
702 1456 794 1540 igitur
817 1458 889 1523 solis
911 1479 991 1543 quac
1012 1461 1188 1528 divinationi
1208 1469 1292 1533 cu·5

95 1544 270 1626 rationique
296 1549 416 1639 praeest
441 1540 613 1626 Apollinem
639 1550 836 1608 vocaverunt:
872 1565 951 1629 quae
979 1547 1127 1612 sermonis
1155 1559 1264 1618 auctor

95 1636 142 1691 est
168 1626 314 1691 Mercurii
340 1647 451 1690 nomen
476 1626 601 1710 accepit.
645 1627 722 1691 Nam
751 1628 823 1712 quia
848 1649 947 1694 sermo
975 1630 1190 1717 interpretatur
1211 1658 1262 1701 co·

95 1712 256 1796 gitationes
283 1711 425 1787 latentes,
455 1705 572 1794 Ἑρμῆς
595 1705 659 1775 clad
684 1712 743 1776 τοῦ
770 1709 957 1795 ἑρμηνεύειν
982 1717 1102 1801 propria
1131 1720 1262 1805 appella-

96 1798 177 1862 tione
197 1796 348 1862 vocitatus
367 1804 421 1859 est.
464 1797 570 1860 Virtus
593 1796 665 1860 solis
683 1806 730 1861 est
750 1818 828 1881 quae
850 1798 1009 1876 lructibus,
1033 1804 1159 1868 effectus
1182 1804 1291 1870 cius-d

97 1884 165 1946 dem
192 1891 240 1947 est
266 1881 319 1966 qui
348 1880 483 1965 frugibus
508 1890 636 1965 praeest.
680 1883 723 1945 Et
745 1882 815 1947 binc
842 1892 930 1949 natae
952 1894 1024 1949 sunt
1046 1889 1264 1972 appellationes

97 1967 223 2031 deorum
252 1966 332 2030 sicut
355 1976 525 2030 ceterorum
556 1965 608 2049 qui
636 1966 673 2030 ad
704 1967 798 2031 solem
822 1976 903 2033 certa
929 1977 960 2033 et
986 1971 1117 2037 archana
1146 1975 1264 2039 ratione

98 2052 281 2115 referuntur:
303 2060 346 2126 et,
368 2071 407 2114 ne
428 2058 512 2115 tanto
533 2060 650 2115 secreto
676 2052 757 2116 nuda
777 2062 947 2137 praestetur
968 2055 1113 2133 adsertio,
1131 2060 1263 2123 auetori-

97 2144 174 2201 tates
198 2144 333 2201 veterum
356 2136 394 2200 de
415 2135 540 2221 singulis
562 2135 764 2201 consulamus.

182 2221 333 2306 Apollinis
354 2241 465 2286 nomen
487 2220 645 2307 multiplici
668 2220 918 2306 interpretatione
942 2222 979 2287 ad
1009 2224 1103 2289 solem
1125 2225 1291 2304 relertur,l

889 2431 958 2485 Edd.
978 2432 1195 2502 viculrgspdab]

98 2514 168 2580 diis)
193 2514 228 2565 G.
329 2515 354 2563 ³.
381 2514 443 2582 das]
472 2513 530 2565 cre.
551 2514 645 2566 Somn.
669 2514 745 2580 Seip.
771 2515 822 2577 lv,
840 2519 864 2563 2.
895 2544 927 2553 -
954 2517 1114 2582 reliquorum
1137 2519 1265 2569 laminam

98 2582 194 2648 ricbg.
216 2608 249 2619 -
272 2581 324 2631 acl
341 2589 370 2632 st
391 2582 494 2633 Plotina
516 2582 586 2632 Edd.
603 2582 632 2634 S.
734 2586 758 2632 4.
786 2584 822 2633 lit
839 2583 922 2632 sica.
950 2608 982 2620 -
1011 2584 1097 2650 Mara]
1116 2584 1181 2634 Aen.
1202 2586 1265 2648 1,8.

97 2679 129 2689 -
146 2652 180 2702 dc
197 2651 296 2699 isinana
309 2650 383 2714 (sup.
404 2651 467 2699 add.
487 2655 555 2709 arna)
574 2649 604 2699 B.
621 2677 655 2690 -
673 2667 728 2700 nna
746 2685 770 2698 ..
790 2667 839 2716 pre
857 2651 940 2700 uariis
955 2666 1008 2699 orn.
1027 2651 1059 2701 Α.
1079 2678 1109 2688 -
1127 2654 1191 2702 selis
1208 2654 1265 2704 uir·

97 2719 258 2768 suterb-
282 2716 508 2783 sapientiarum
529 2717 564 2766 el.
581 2718 642 2781 1,6,
659 2721 685 2767 6.
774 2722 799 2766 5.
829 2709 967 2781 Ἑρμῆς..
988 2712 1144 2782 ἑρμηνεύειν
1162 2735 1215 2770 orn.
1235 2719 1266 2770 Α.

97 2785 137 2848 (G
160 2792 190 2836 at
213 2786 241 2835 ia
260 2788 329 2851 gn).
368 2784 411 2834 lta
435 2784 518 2834 atium
542 2784 569 2835 in
595 2801 671 2849 seqq.
695 2785 860 2851 plerumque
885 2783 1052 2835 omittuntur
1073 2783 1101 2835 in
1128 2786 1173 2838 lris
1195 2787 1264 2838 Mas.

98 2854 221 2913 Graeca,
251 2852 277 2901 id
299 2851 371 2916 qnod
398 2866 449 2901 non
475 2851 596 2919 singulis
622 2852 692 2902 loris
716 2852 810 2917 putavi
836 2852 1033 2902 adnotandum.
1134 2859 1159 2905 1.
1199 2857 1265 2921 Cap.

100 2920 160 2969 XX.
193 2920 231 2971 Da
254 2919 387 2986 Apollinis
412 2920 495 2971 variis
518 2921 675 2971 nominibus.
707 2936 722 2969 v
749 2918 774 2980 (i
803 2920 868 2985 Cap.
890 2919 989 2979 ΧΙΧ.),
1015 2946 1048 2957 ·-
1076 2936 1219 2990 peragam
1237 2921 1266 2973 S.

132 3108 158 3155 3.
188 3105 319 3172 praestat]
340 3106 416 3157 ldem
434 3107 509 3158 valet
527 3123 559 3158 ae
575 3124 655 3173 pras·
741 3111 765 3156 ts.
804 3122 872 3171 quac
897 3107 1057 3158 divinationi
1085 3109 1268 3176 narrationique

98 3180 144 3237 ast,
165 3182 195 3223 ut
213 3174 267 3224 das
285 3180 314 3224 et
331 3174 500 3237 moderator,
512 3175 548 3225 ei.
566 3178 581 3238 ς
600 3178 642 3226 21.
704 3174 821 3240 praeest]
841 3173 883 3222 (ll.
901 3176 916 3235 §
935 3178 974 3224 13.
993 3190 1052 3240 sqq.
1069 3183 1098 3225 et
1114 3193 1136 3226 a.
1155 3181 1193 3226 ra.
1212 3182 1266 3239 §o

129 3247 159 3290 at
182 3241 287 3292 Plotina
306 3249 408 3293 constat
420 3243 563 3309 placuisse]
576 3242 656 3293 uonr.
741 3257 809 3306 quaa
827 3242 953 3291 raimonis
970 3251 1062 3293 auctor
1080 3251 1118 3295 est
1138 3244 1204 3309 cat]
1224 3244 1267 3294 Cl.

98 3306 204 3357 Cemm.
226 3309 248 3370 1,
270 3312 309 3367 19,
327 3312 370 3359 21.
708 3325 730 3356 c.
752 3312 790 3358 le.
810 3307 823 3370 ᾗ
841 3312 867 3357 9.
885 3310 948 3373 puio
965 3310 1084 3361 mantis
1099 3317 1267 3375 potentem

133 3377 158 3423 4.
193 3376 341 3439 precariis
360 3376 501 3427 censendas
524 3392 579 3427 csse
602 3393 655 3426 nn·
711 3375 867 3425 Mercurium
887 3375 1031 3438 eredimus,
1054 3377 1269 3441 appellatumque

97 3440 223 3506 minibus]
256 3441 334 3492 conl.
364 3442 481 3493 Servius
513 3444 548 3493 arl
580 3443 656 3508 b'irg.
707 3444 746 3493 s'ta
766 3442 945 3508 intellegimus
962 3435 1018 3493 ἀπὸ
1038 3442 1089 3493 τοῦ
1106 3438 1268 3507 ἑρμηνεύειν.

98 3512 168 3559 Aac.
187 3508 207 3568 l,
225 3512 264 3557 u:
284 3510 401 3576 Namque
422 3511 487 3561 luno
503 3511 588 3561 malta
605 3510 657 3560 lsa-
742 3513 767 3558 6.
803 3509 892 3559 l'irtus
910 3509 972 3560 selis
987 3517 1024 3561 cst
1042 3526 1110 3575 quaa
1122 3511 1268 3573 fructibus,

96 3577 141 3626 bet
158 3576 292 3626 numina
311 3578 365 3637 (ul.
381 3582 465 3636 nom.)
549 3582 617 3629 Sunt
633 3584 657 3629 et
709 3577 816 3641 effectus
836 3576 951 3626 ciusdem
973 3578 1019 3642 qui
1034 3578 1165 3694 [rupibus
1185 3594 1268 3644 proe-

97 3642 381 3694 aliaeiusnumirra
400 3645 563 3706 (abnam).
599 3645 658 3695 Me·
708 3642 767 3707 est]
795 3642 873 3692 llaec
891 3659 944 3707 ego
962 3644 1004 3695 sie
1025 3642 1082 3695 inte
1097 3646 1171 3711 ligo:
1199 3643 1268 3706 „Sol

96 3712 150 3760 rito
168 3726 233 3777 ergo
253 3710 370 3776 dubitat,
390 3713 460 3776 quod
478 3713 533 3762 eius
552 3712 657 3762 laeserit
709 3726 758 3759 sna
778 3709 868 3773 ipsius
888 3709 991 3761 virtuto
1010 3710 1117 3762 lructns
1138 3711 1219 3761 elicit
1236 3727 1270 3761 ex

96 3794 193 3827 numan
213 3778 322 3828 Aeneas.
359 3778 658 3845 AdstipuluturGoss·
710 3776 867 3840 arboribus,
880 3776 1009 3842 idemque
1028 3777 1127 3839 erucii,
1140 3785 1170 3827 ut
1188 3792 1269 3826 aran·

98 3860 147 3894 rsa
170 3844 204 3894 ad
225 3843 300 3910 l'irg.
320 3845 336 3894 l.
357 3862 380 3894 e.
407 3845 484 3897 Alias
502 3847 585 3897 buius
603 3844 658 3895 loci
711 3844 779 3893 tium
799 3858 884 3909 opera
903 3861 955 3894 uim
976 3853 1085 3909 pereat,
1103 3844 1152 3894 sed
1173 3843 1270 3909 fruges

96 3912 344 3975 interpretationes
363 3914 537 3977 protulerunt
555 3919 581 3964 cl
599 3913 660 3978 ipae
711 3916 812 3961 exeunt
829 3928 844 3960 e
861 3913 964 3962 ωιτν*

96 3978 214 4029 Servius
234 3985 263 4029 et
286 3979 412 4045 llcynius
438 3981 464 4031 in
488 3981 602 4031 Ericusa.
623 3980 658 4031 orl
745 3985 887 4028 ceterorum
906 3978 952 4043 qui
971 3976 1007 4025 ad
1031 3975 1110 4026 solem
1199 3977 1270 4033 resa-

97 4047 162 4095 Aen.
188 4045 238 4095 lib.
260 4047 280 4096 l.
305 4055 334 4097 et
360 4047 514 4111 Wugncrns
536 4049 571 4099 ad
592 4048 619 4096 n.
640 4048 658 4098 l.
709 4042 816 4109 rantur]
839 4042 917 4093 llaec
934 4042 1020 4093 verba
1038 4041 1168 4092 ridentur
1190 4056 1270 4106 spee-

98 4112 249 4163 Praeteraa
289 4114 362 4164 conl.
398 4113 519 4166 bobeclr.
554 4114 659 4181 Aglao—
710 4121 771 4162 tare
799 4110 834 4160 ad
863 4125 912 4160 aas
942 4108 989 4175 qrsi
1018 4117 1290 4161 commemorantur·

98 4179 192 4245 pbam.
214 4181 233 4228 1.
258 4197 284 4244 p.
304 4184 376 4239 598..
404 4182 451 4246 qui
476 4182 547 4233 citat
570 4181 659 4232 Masi·
711 4195 769 4243 cap.
788 4182 832 4228 21.

98 4264 171 4298 marm
191 4247 344 4297 Grsmnrat.
365 4247 391 4298 in
412 4249 495 4315 epist.
511 4249 545 4300 ad
563 4247 660 4316 Augu·
744 4251 768 4296 7.
804 4242 921 4295 ordinem
948 4240 1074 4311 pergam]
1105 4240 1147 4295 01,
1178 4244 1196 4307 s
1227 4244 1271 4292 ur.

98 4315 161 4365 stin.
179 4314 249 4377 xrs,
268 4318 309 4375 15,
333 4319 364 4364 15
729 4312 780 4363 uod
802 4310 934 4377 obliquam
955 4310 1081 4361 circulum
1099 4342 1127 4357 ··
1145 4326 1204 4377 par
1236 4311 1272 4363 it.

131 4382 281 4445 sapientam
300 4381 444 4448 principes]
471 4380 659 4447 Xenophanes
710 4379 757 4431 aie
776 4376 929 4429 Terentius
948 4374 1108 4441 llee.l,2‚
1131 4380 1202 4439 ltu„
1239 4392 1272 4429 a·

99 4447 227 4565 {ppripnia
264 4453 301 4563 ap¹
324 4457 393 4563 ¹pont
421 4464 485 4499 snm
516 4448 658 4563 Melissulp.
711 4444 892 4565 aniius-'⁰3‘
912 4448 1007 4565 nilum
1033 4449 1107 4495 ursel.
1124 4444 1194 4561 belgi
1206 4444 1272 4561 “bip

101 4532 253 4640 Illilsaldletri:
286 4534 319 4639 dd
334 4532 471 4647 dirim
492 4532 525 4633 lli
545 4518 663 4699 ²sllllptroc
713 4546 792 4631 stiris'
805 4528 941 4647 radbald,
960 4528 1009 4643 (μού
1024 4526 1271 4643 ildrgddelegnitllr,
1288 4560 1302 4619 -’

99 4644 260 4714 πεφυκότων
276 4647 332 4698 τῶν
348 4642 572 4715 πρετγμάτωννύς
607 4642 663 4706 νὸς
713 4647 831 4697 debetssr
851 4642 1054 4721 interpolatori.
1124 4700 1133 4721 .
1247 4702 1255 4721 ι

99 4708 199 4785 ὄντος
234 4715 296 4765 τοῦ
332 4711 461 4775 παντὸς
493 4710 663 4781 ἐπεχείρησεν
751 4704 947 4764 l'late..rlrrd
966 4709 1016 4758 τοῦ
1037 4708 1204 4759 anennltsrv
1223 4713 1290 4768 sna·
1368 4746 1381 4771 -ι

103 4782 251 4846 αποὸεἰξεις
269 4776 411 4845 εὑρίσκειν.
713 4772 836 4845 ἀκτῖνας]
863 4777 911 4827 Sic
931 4792 946 4826 e
964 4773 1110 4827 codicibus
1129 4772 1176 4825 lrle
1194 4776 1273 4826 loeus
1351 4774 1402 4845 ’,ζ

144 4865 180 4929 ῃ,
1071 4846 1119 4913 rb
