2812 5242
237 456 597 528 saruunaueuuu
628 453 706 525 Lllt
729 458 766 525 V.
796 459 887 527 GAP.
913 460 985 527 XX.
1009 461 1096 530 XXL
1183 467 1247 533 lle

74 634 151 698 adeo
174 633 253 716 agris
271 629 442 695 necessaria
463 636 543 705 sunt,
562 635 599 693 ut
619 627 685 693 sine
702 626 750 693 bis
769 649 825 693 nee
846 628 888 693 illi
908 636 1017 697 natura
1040 630 1249 705 fecundissimi

72 719 189 805 Mysiae
209 718 271 801 agri
298 715 473 799 responsuri
497 714 557 778 sint
579 713 716 797 opinioni
736 712 897 779 fertilitatis
920 736 1000 800 quae
1025 715 1064 782 de
1084 717 1132 783 bis
1155 717 1247 784 babe-

72 814 130 871 tur.
175 803 272 868 Addit
290 801 407 884 Mysiae
432 799 611 864 nominatim
637 799 785 883 Gargara,
814 801 897 885 quod
922 822 956 865 ea
989 804 1063 868 urbs
1090 804 1190 902 posita
1215 804 1299 897 inlp

72 890 141 957 irnis
161 889 314 953 radicibus
337 887 409 950 ldae
433 885 544 949 montis
569 885 773 949 defluentibus
797 886 867 951 inde
889 885 1069 953 humoribus
1090 889 1248 974 inrigatur,

71 976 230 1061 possitque
261 972 356 1038 videri
395 970 568 1035 solstitiales
603 971 715 1035 imbres
749 993 810 1035 non
846 993 1029 1072 magnopere
1062 974 1245 1043 desiderare.

71 1063 139 1126 Hoe
166 1061 195 1124 in
223 1061 290 1145 lqoo
315 1058 354 1122 ad
379 1057 469 1120 lidom
493 1056 595 1121 sensui
624 1054 789 1120 laoiendmn
817 1059 901 1142 quod
924 1059 1073 1141 uliginosa
1100 1061 1161 1125 sint
1180 1060 1296 1127 noulll

71 1148 135 1211 sola
154 1146 287 1227 Gargara
309 1164 365 1228 pro
387 1141 495 1206 ricinia
517 1141 710 1218 noluissed
732 1150 763 1207 et
783 1143 941 1210 animose
957 1145 1075 1231 Mysiae
1091 1166 1171 1223 arva,
1190 1149 1243 1214 ad·

73 1233 170 1297 hiberi
193 1238 296 1316 potest
315 1228 401 1292 testis
424 1226 606 1312 Aeschylus:

220 1312 270 1380 ’Ia
293 1311 396 1378 Κάϊκε
420 1309 552 1378 Maneat
572 1307 599 1376 r’
619 1306 780 1394 ἐπιῤῥοαὲ.

72 1402 157 1481 Quid
186 1402 223 1465 de
249 1399 373 1465 Graecis
397 1398 428 1461 in
456 1400 514 1463 boo
543 1398 609 1462 loeo
639 1397 765 1461 traxerit
787 1396 927 1461 diximus.
971 1398 1130 1465 Addamus
1156 1403 1293 1489 promlt

71 1498 155 1552 terea
177 1487 236 1550 boe
257 1484 451 1549 iocunditatis
476 1483 588 1566 gratia,
609 1490 641 1546 et
660 1491 696 1547 ut
715 1483 830 1566 liqueat
851 1482 1011 1565 Virgilium
1031 1495 1164 1557 restrum
1185 1512 1243 1555 un.

72 1573 167 1656 dique
190 1580 326 1636 aeterum
348 1569 405 1634 sibi
430 1576 607 1634 ornamenta
627 1569 764 1644 traxisse,
784 1568 867 1632 unde
889 1568 948 1634 boc
969 1570 1091 1637 dixerit:

226 1657 360 1720 Hiberna
381 1656 539 1719 laetissimo
559 1656 683 1739 pulvere
701 1657 800 1739 scama.

72 1744 110 1806 ln
130 1741 207 1805 libro
226 1739 305 1805 enim
329 1739 602 1804 vetustissimorum
619 1739 802 1816 carminum,
832 1737 885 1821 qui
907 1745 978 1802 ante
999 1739 1103 1807 omnia
1124 1763 1204 1829 quae
1223 1742 1295 1811 alb

71 1827 188 1891 Latinis
212 1826 322 1911 scripta
345 1833 417 1891 sunt
437 1825 616 1910 conpositus
636 1825 800 1903 ferebatur,
833 1823 986 1891 invenitur
1006 1823 1066 1891 boe
1092 1830 1242 1897 rustieunr

71 1923 158 1978 retus
178 1913 348 1976 earitieum:

223 1999 355 2062 Hiberna
367 1994 492 2080 pule-ere
509 2017 599 2058 seruo
618 1996 678 2059 Iulo
694 1995 827 2080 prandia
843 1998 942 2078 sana,
961 1996 1083 2073 camille,
1105 2008 1199 2065 metes.

155 2083 242 2146 XXI.
267 2082 399 2149 Nomina
421 2080 603 2163 poculorum
624 2079 768 2162 Virgilius
791 2078 972 2163 plerumque
990 2076 1108 2146 Graeca
1125 2084 1314 2171 ponitqmp¹

69 2177 105 2231 ul
132 2169 298 2246 carehesia,
325 2176 362 2232 ut
388 2166 518 2252 cymbia,
544 2174 580 2231 ut
600 2166 772 2242 cantharas,
804 2175 840 2228 ut
866 2165 999 2250 apples.
1043 2166 1091 2232 Da
1117 2169 1241 2235 carebe—
1259 2176 1319 2253 '‘lf-

72 2255 124 2317 siis
148 2255 206 2318 ita:

427 2372 465 2380 —
488 2334 566 2421 Cape
583 2336 721 2401 Maeonii
736 2334 888 2399 carchesia
906 2333 1038 2400 Bacchi:

224 2418 342 2483 Oceano
364 2418 495 2494 libemus,
517 2430 569 2494 att,

71 2513 103 2569 et
126 2502 215 2567 alibi:
238 2505 295 2567 llio
316 2505 376 2567 duo
397 2507 454 2568 rite
473 2526 553 2568 mero
575 2505 673 2569 libans
693 2504 843 2569 carehesia
859 2504 995 2574 Baculo:
1026 2524 1031 2533 ’

70 2591 108 2654 de
127 2588 266 2674 cpnbiis:
288 2590 451 2672 Inferiores
470 2590 568 2676 tepido
593 2593 765 2678 pumentia
787 2591 1010 2678 mundialitate:

864 2799 933 2850 Edd.
951 2796 1168 2866 vieahgspdab.]

69 2883 110 2934 Cl.
132 2882 144 2947 ᾗ
164 2884 187 2934 1.
215 2910 247 2918 -
274 2883 330 2933 sine
349 2883 386 2933 iis
404 2899 465 2950 r-g.
571 2884 609 2932 15.
636 2883 763 2937 Addidit
788 2884 817 2933 S.
922 2886 961 2933 la.
989 2883 1047 2934 llic
1076 2884 1103 2933 in
1127 2883 1182 2935 lore
1207 2885 1238 2938 d.

68 2980 102 2989 -
132 2950 286 3012 prouincia
305 2949 340 2999 vi.
382 2951 557 3017 provinciae
579 2966 638 3015 c-g.
664 2977 694 2988 -
721 2946 762 3002 'lei
779 2944 947 3017 ..luidberti
967 2968 1020 3000 orn.
1045 2950 1124 3001 sea.
1161 2948 1240 3005 Malea

68 3014 196 3085 luidberti
214 3018 262 3083 bg.
300 3032 544 3070 rorrrrrsarrcr
564 3033 703 3069 aaronem
723 3022 752 3069 P.
789 3034 922 3070 amarae
942 3032 1186 3070 arrersrvrnnoar
1206 3021 1236 3072 A.

70 3090 106 3136 lca
121 3101 175 3136 κικε
190 3100 256 3149 μυσι
271 3079 396 3151 {niddensi
414 3087 439 3136 in
460 3088 519 3136 cod.
536 3087 687 3152 selegisse
705 3087 745 3136 uit
764 3086 910 3147 Canterius,
927 3087 973 3151 qni
994 3087 1054 3136 lar.
1074 3088 1138 3136 leot.
1157 3088 1178 3149 Ι,
1193 3091 1237 3139 21.

67 3153 187 3203 coniecit
208 3156 372 3215 legendnm:
399 3148 440 3204 'lai
462 3150 650 3218 utilitapoeiol
664 3146 687 3202 τ’
705 3149 838 3219 ἐπίᾴῥοαι.
874 3154 914 3203 Cl.
934 3153 1033 3202 Aaron.
1059 3155 1159 3219 lragrn.
1178 3158 1236 3206 131.

67 3222 156 3281 Diod,
172 3216 329 3285 Μυρμιδόν.
345 3227 360 3271 3
380 3226 419 3287 (p.
437 3226 493 3282 51.)
511 3232 539 3272 et
556 3222 633 3271 Μυσ.
651 3224 668 3269 2
686 3223 726 3287 (p.
742 3227 797 3279 62)
818 3221 910 3282 liora,
928 3220 1030 3270 Strabo
1043 3220 1117 3283 lllll,
1133 3227 1140 3270 l
1157 3231 1237 3284 extr,

65 3289 233 3339 selroliasles
255 3289 476 3353 lleplrnestionis
500 3307 525 3355 p.
543 3292 576 3338 81
595 3291 660 3347 (lea
677 3290 718 3338 ed.
739 3290 854 3347 uarat).
960 3293 999 3339 17.
1025 3305 1095 3338 eam
1113 3291 1238 3341 iucundi·
1312 3284 1368 3407 ἥ

64 3358 128 3408 lutis
142 3363 172 3415 (v
188 3357 251 3412 ioco]
270 3359 363 3422 gratia
383 3374 444 3421 r-g.
458 3384 494 3395 -
513 3356 639 3420 [liburno]
658 3357 733 3419 Cl.§
755 3362 776 3406 1.
796 3383 832 3393 -
848 3362 975 3406 nestrum
995 3372 1055 3421 r-g.

134 3421 207 3470 nul.
247 3425 332 3488 Caput
355 3424 427 3472 ΧΗ.
463 3426 501 3474 lle
522 3423 675 3491 poculorum
699 3424 849 3490 gerreribus.
957 3427 976 3472 l.
1005 3424 1108 3490 posuit
1129 3424 1176 3475 Pu.
1202 3452 1237 3465 -
1299 3414 1368 3501 ιμ’

65 3490 209 3540 classaria
229 3490 259 3539 P.
295 3490 492 3539 encaeniare.
521 3517 551 3528 -·
574 3499 604 3541 et
624 3492 728 3540 cimbia
748 3491 776 3541 S.
800 3490 957 3557 -scpplros
976 3493 1105 3554 (arnul)
1124 3508 1237 3559 r-g.-·
1323 3446 1368 3565 q

68 3557 310 3608 llerarclresisd.
348 3558 380 3606 de
398 3557 551 3607 carchesiis
570 3557 648 3607 lr.·-
673 3559 753 3624 Cape]
771 3559 875 3624 Georg.
889 3559 933 3620 lv,
953 3562 1012 3609 380.
1043 3560 1236 3626 CarpeS.-
1309 3555 1368 3611 Μ

64 3622 126 3690 llis]
150 3625 215 3674 den.
237 3624 266 3688 V,
284 3630 326 3674 ll.
345 3650 380 3663 -·
397 3625 446 3675 rite
464 3641 516 3677 em.
534 3623 563 3675 Λ.
579 3650 614 3662 -
637 3626 789 3693 inserimus]
807 3628 872 3677 ben.
889 3627 940 3690 lll,
957 3632 1000 3678 66.
1022 3654 1054 3666 —
1078 3629 1191 3696 trepide
1206 3627 1236 3679 S.
1335 3624 1368 3717 fl

62 3811 160 3861 Muell.
184 3811 324 3860 lmbrira
348 3814 542 3874 tempestate
556 3808 620 3874 pla·
671 3809 781 3860 Plinius
801 3828 854 3862 non
878 3810 991 3862 omnino
1010 3809 1149 3861 consentit
1171 3825 1234 3859 curn

60 3880 130 3928 eiam
150 3878 434 3944 virletursignificore.
464 3874 622 3925 Salmasius
672 3878 808 3939 Virgilio:
839 3895 900 3929 nuru
925 3880 975 3930 ille
998 3877 1030 3929 Ν.
1048 3878 1083 3927 ll.
1104 3877 1188 3939 xl'll,
1207 3879 1232 3928 2.

60 3946 171 3996 Exores.
190 3946 263 3995 l'lin.
282 3963 308 4010 p.
328 3949 369 3994 72.
386 3945 411 3992 b.
432 3942 462 3992 F.
483 3942 578 3993 dareuit
594 3948 622 3994 et
671 3944 791 4011 §1³aqn
812 3948 897 4014 Erga,
914 3946 1012 4012 inquit,
1027 3947 1073 4011 qui
1088 3946 1155 3995 dixit
1173 3943 1231 3994 lute-

59 4015 181 4063 imbriens
199 4021 227 4063 et
245 4013 373 4063 imbridus
390 4010 457 4072 dici,
477 4011 622 4063 utalbieus
670 4031 724 4063 mes
742 4015 1012 4079 serennsoplanrlas,
1041 4029 1093 4062 aen
1116 4028 1165 4077 pre
1183 4026 1231 4061 or·

60 4087 88 4131 et
107 4080 221 4130 albidus.
669 4081 772 4131 boribus
790 4090 851 4131 vota
872 4082 951 4143 feeit:
979 4096 1026 4129 nee
1046 4095 1094 4144 per
1115 4079 1232 4131 solstitia

96 4152 135 4197 15.
171 4147 240 4209 quad
259 4145 458 4211 ...iurigelud
483 4145 618 4208 ct.§1r.
669 4149 763 4198 imbres
789 4148 887 4198 vilibus
912 4147 1068 4197 conrlaeaut.
1114 4147 1230 4197 Hiberae

93 4220 134 4265 lu.
167 4209 208 4262 'lad
234 4249 258 4263 ..
279 4208 413 4278 tuaquom]
444 4213 526 4263 llnrie
555 4229 618 4262 rer·
668 4218 771 4281 quidem
787 4216 895 4281 pulvere
915 4214 1038 4264 laetiores
1053 4214 1119 4278 fieri
1135 4231 1230 4267 merses

59 4298 120 4331 snm
140 4279 241 4329 Strabo
265 4280 345 4342 lllll,
365 4285 384 4330 1.
405 4287 474 4331 extr.
498 4280 538 4331 ait
557 4280 617 4341 legi
667 4283 829 4333 luxuriantia
847 4281 951 4346 ingenii
969 4281 1114 4342 fertilitate
1130 4282 1230 4335 dictatu

58 4345 128 4397 notri
145 4343 196 4411 τὴν
213 4341 337 4413 εἰσβολὴν
351 4346 402 4399 τοῦ
414 4343 443 4399 ἐν
456 4346 617 4414 Μυρμιδόσι
668 4357 714 4400 ert.

56 4411 209 4479 arpaldpov,
238 4417 286 4465 real
313 4416 434 4466 Botblns
462 4416 489 4466 in
514 4416 615 4466 basoli.
703 4419 742 4465 18.
786 4413 815 4463 ln
845 4412 910 4463 libro
940 4452 964 4466 ..
991 4416 1229 4468 vetustissimorum

57 4483 161 4549 fragm.
190 4500 214 4548 p.
238 4487 279 4533 62.
308 4484 343 4535 ad
370 4483 493 4534 labalarn
521 4484 616 4550 potius
665 4480 821 4547 carminum]
843 4478 943 4532 Festus
960 4499 1004 4548 ap.
1023 4484 1102 4534 Paul.
1122 4482 1227 4533 lib.l·'l.

55 4567 126 4616 quae
151 4549 315 4602 inscribitur
337 4550 434 4602 Μυσοί
454 4567 518 4601 erim
542 4553 617 4602 rele·
668 4569 692 4616 p.
713 4553 755 4600 93.
780 4548 846 4599 buis
863 4549 957 4601 versui
976 4550 1123 4617 praernisit
1141 4549 1227 4599 baec:

55 4619 378 4669 rendumessestatuit.
670 4618 744 4668 Sicut
774 4617 884 4668 babetur
917 4618 950 4667 in
983 4619 1122 4681 antique
1157 4632 1226 4666 car-

91 4692 131 4737 17.
167 4686 292 4752 oestrum]
319 4686 380 4737 lia.
405 4690 462 4736 nol.
486 4686 522 4736 ad
547 4702 570 4736 c.
591 4688 613 4736 1.
666 4687 763 4747 arisae,
790 4700 869 4750 qrrum
885 4691 963 4750 paler
974 4685 1038 4750 filio
1055 4686 1087 4735 de
1104 4684 1227 4752 agricul-

56 4754 73 4817 S
90 4757 115 4805 1.
134 4759 163 4805 et
181 4772 204 4805 e.
221 4759 247 4804 2.
269 4756 282 4819 ᾗ
303 4757 343 4803 ll.
666 4761 729 4805 tura
747 4752 920 4819 praeciperet.

88 4822 203 4875 Hiberae
228 4821 376 4873 laetissima
397 4819 507 4886 pulvere
523 4816 615 4885 sama]
701 4817 816 4887 rumille]
834 4817 897 4871 Vid.
915 4819 972 4871 not.
989 4816 1027 4871 sd
1043 4816 1095 4884 111,
1110 4821 1138 4884 8,
1151 4822 1177 4871 a.
