2812 5242
179 140 245 208 592
651 132 861 200 Macuoulr

132 313 172 379 14
266 303 351 370 llaec
373 301 443 367 ideo
464 301 602 378 dixerim,
645 300 708 365 uod
728 322 777 366 mo
797 320 888 385 saepe
911 302 1006 366 movit
1026 309 1057 366 et
1077 301 1214 368 exercuit
1234 322 1355 368 mecum

180 392 404 475 disputantem,
426 387 498 470 quia
521 387 551 449 in
576 320 710 452 modium
733 386 868 472 prolerre
890 387 990 462 volui,
1014 386 1088 470 quid
1111 385 1149 450 de
1172 389 1244 452 vino
1266 389 1354 453 aesti-

180 474 326 543 maverim
346 472 550 537 sentiendum.
597 471 740 538 Ceterum
761 471 1017 536 consultationem
1039 471 1112 535 mibi
1136 471 1271 537 debitam
1294 495 1355 539 non

180 560 300 627 omitto.
344 559 390 622 Te
411 557 511 633 onim,
536 555 656 632 Disari,
689 556 850 632 convenio,
885 565 920 620 ut
963 556 1025 620 uod
1047 556 1256 640 quaerendum
1282 558 1354 623 milri

132 642 315 715 lboccurrit
345 641 492 707 absolvas.
541 641 665 723 Legisse
694 641 775 726 apud
804 578 1019 738 pbilcscpbum
1043 642 1196 708 Graccum
1231 644 1355 707 memini

181 731 223 817 (ni
243 727 346 804 fallor,
376 726 426 790 ille
448 725 629 790 Aristoteles
655 723 713 790 luit
742 726 773 790 in
796 726 874 791 lrbro
896 747 987 810 quom
1011 725 1049 791 de
1072 727 1219 791 ebrietate
1240 749 1355 814 conpo-

129 815 270 903 pasrlsuit)
289 812 431 877 mulieres
453 830 521 874 raro
548 810 578 874 in
597 811 773 876 ebrictatem
794 811 917 888 eadere,
939 812 1048 876 crebro
1069 831 1172 877 sonos:
1203 833 1261 876 nec
1284 834 1356 878 cau-

181 921 245 965 sam
268 897 314 962 vcl
344 896 436 961 buius
455 893 645 978 frequentiae
665 895 711 960 vel
737 895 817 961 illius
842 896 973 960 raritatis
998 896 1115 960 adiecit.
1159 897 1201 960 Et
1220 898 1295 982 quia
1318 897 1356 962 ad

181 992 320 1050 naturam
345 999 509 1066 corporum
530 987 595 1045 tota
612 980 686 1044 baec
727 980 843 1046 uaestio
867 981 1007 1066 pertinet,
1029 1002 1120 1066 quam
1145 1002 1237 1046 nosse
1255 992 1290 1047 et
1312 983 1357 1047 in·

182 1067 316 1134 dustriae
334 1075 406 1132 tuae
424 1072 455 1130 et
476 1062 673 1149 professionis
693 1086 712 1129 ο
747 1065 829 1130 cium
851 1074 906 1141 est,
923 1066 993 1131 volo
1014 1075 1044 1130 te
1063 1086 1171 1130 causas
1193 1068 1237 1132 rei
1260 1088 1355 1152 quam

182 1154 232 1219 ille
254 1151 422 1217 sententiae
442 1150 511 1214 loco
533 1149 623 1226 dixit,
646 1150 670 1214 si
693 1158 795 1214 tamen
817 1150 999 1237 philosopho
1026 1150 1201 1229 adsentiris,
1227 1153 1355 1237 aperire.

134 1239 262 1312 lllTum
291 1237 354 1301 ille:
387 1236 483 1299 Recte
504 1243 536 1298 et
562 1234 621 1299 boc
641 1234 837 1312 Aristoteles,
864 1245 900 1301 ut
920 1244 1036 1301 cetera:
1064 1257 1120 1299 nec
1143 1257 1269 1320 possum
1294 1259 1356 1302 non

181 1322 327 1388 adsentiri
348 1321 413 1386 viro
435 1319 522 1384 cuius
545 1318 675 1384 inventis
702 1341 759 1385 neo
787 1319 852 1405 ipsa
876 1328 984 1386 natura
1008 1320 1156 1385 dissentit.
1200 1321 1355 1399 Mulieres,

182 1406 298 1491 inquit,
324 1425 394 1470 raro
414 1403 588 1482 ebriantur,
616 1405 723 1470 crebro
744 1425 841 1470 senes.
885 1406 1023 1470 Rationis
1045 1406 1132 1489 pleon
1153 1406 1273 1489 gemina
1298 1407 1355 1471 ista

182 1489 341 1568 sententia,
363 1488 507 1553 etaltera
531 1488 644 1573 pendet
663 1509 699 1553 ex
721 1490 825 1555 altera.
868 1492 946 1556 Nam
969 1511 1038 1554 cum
1059 1489 1256 1554 didicerimus
1302 1492 1354 1556 uid

182 1575 324 1641 mulieres
349 1575 388 1638 ab
416 1573 562 1638 ebrietate
586 1573 743 1652 defendat,
777 1573 835 1638 iam
862 1582 1001 1639 tenemus
1022 1574 1095 1658 quid
1120 1595 1208 1639 senes
1232 1575 1270 1638 ad
1319 1598 1356 1642 oo

182 1660 358 1745 frequenter
377 1659 516 1744 inpellat:
552 1659 735 1723 contrariam
757 1659 839 1723 enim
861 1660 967 1724 sortita
991 1668 1130 1724 naturam
1153 1669 1226 1724 sunt
1247 1662 1354 1726 mulie-

134 1748 237 1816 l‘lbre
264 1766 375 1831 corpus
400 1754 431 1809 et
454 1763 566 1828 corpus
589 1744 692 1808 senile.
743 1743 854 1808 Mulier
878 1743 1107 1809 humectissimo
1134 1754 1181 1810 est
1217 1767 1356 1832 corpore

146 1892 154 1897 .
183 1832 284 1896 Docet
302 1831 361 1895 boc
384 1839 415 1894 et
436 1828 540 1893 levitas
562 1829 641 1893 cutis
659 1837 690 1893 et
712 1827 870 1913 splendor,
892 1829 1004 1894 docent
1024 1828 1185 1915 praecipue
1207 1831 1356 1897 adsiduae

183 1916 381 2002 purgationes
416 1913 573 2011 superlluo
603 1920 802 1979 exonerantes
834 1936 947 2000 corpus
978 1915 1116 1979 humore.
1168 1916 1247 1980 Cum
1281 1938 1355 2001 ergo

182 2009 310 2098 epotum
332 1998 435 2063 vinum
458 2021 490 2062 ιιι
507 2006 570 2063 tam
592 1998 709 2084 largum
736 1999 880 2065 ceciderit
900 2000 1069 2078 humorem,
1090 1999 1149 2065 rim
1174 2021 1260 2064 suam
1286 2022 1354 2087 per-

182 2085 227 2150 dst
250 2092 281 2150 et
307 2084 342 2150 lit
364 2083 509 2162 dilutius,
540 2105 596 2150 nec
618 2083 705 2150 facile
726 2085 842 2152 cerebri
863 2086 966 2152 sedem
992 2086 1061 2151 ierit
1084 2084 1262 2151 tortitudine
1288 2087 1356 2151 eius

134 2169 174 2238 18
182 2170 324 2237 extincta.
369 2171 427 2236 Sed
451 2170 573 2236 ethaeo
592 2169 669 2235 ratio
691 2170 775 2236 iuvat
791 2171 959 2236 sententiae
975 2170 1148 2236 veritatem:
1172 2171 1266 2249 Quod
1285 2192 1354 2236 mu-

181 2255 277 2323 liebre
298 2277 409 2345 corpus
430 2256 542 2322 crebris
560 2255 791 2340 purgationibus
813 2256 993 2341 deputatum
1016 2255 1154 2342 pluribus
1178 2264 1355 2322 consertum

251 2427 332 2495 [uss.
352 2425 454 2476 sesa.

252 2513 291 2558 18.
309 2513 428 2574 granata
446 2520 502 2554 een
521 2520 581 2569 v-g.
599 2530 623 2538 -
645 2506 750 2566 oytonia
768 2506 974 2570 lle-rspdslraa.
998 2509 1104 2560 citonia
1122 2508 1198 2560 APS·
1231 2509 1356 2575 cyrloma

182 2575 296 2640 ‚ss-gab.
326 2596 356 2608 -
381 2577 500 2645 colono-a
518 2568 604 2633 Awg-
627 2593 660 2644 ''.‘
689 2570 767 2635 Cato]
785 2573 820 2622 de
837 2573 870 2621 a.
892 2575 925 2623 R.
942 2581 966 2636 t,
985 2581 1009 2626 3.
1117 2579 1155 2626 lt.
1186 2577 1252 2628 lloc
1270 2575 1354 2638 δι’-ιι.

180 2666 211 2680 ..
241 2636 433 2689 estimaverim
460 2633 554 2698 vrclrg.
596 2635 813 2687 existimauerim
839 2637 906 2688 Sab.
1011 2644 1048 2690 lb.
1083 2642 1192 2706 Legisse
1221 2644 1283 2708 etc]
1311 2644 1355 2695 (il.

181 2705 257 2757 Plat.
280 2700 376 2768 Symp.
395 2698 452 2762 ΙΙΙ,
471 2700 495 2749 3.
524 2725 556 2737 -
583 2715 708 2767 graecam
729 2702 915 2769 philosopham
940 2721 1001 2769 r-g.
1110 2711 1148 2754 16.
1179 2710 1356 2762 isrebriantur

179 2767 797 2901 tc.-.·.·..¹:::¹¹u·:⁰tltscafam·
814 2769 1191 2899 auturnace-..‚
1210 2779 1275 2888 at.-

213 2984 328 3052 eytonia]
355 2985 454 3036 Veram
481 2985 650 3052 scripturam
676 3003 739 3037 esse
827 2989 865 3036 15.
895 2985 1057 3053 Legisse...
1075 2984 1191 3050 memini]
1207 2984 1268 3036 l'id.
1283 2986 1354 3041 ibid.

184 3054 304 3120 Cydonia
326 3070 378 3104 non
398 3053 513 3119 ignoro,
540 3052 589 3104 sad
612 3054 738 3105 codicum
790 3071 817 3121 p.
836 3070 879 3103 sa.

179 3120 343 3172 auctoritati
386 3122 537 3172 obsecutus
581 3137 660 3184 sam,
706 3136 739 3171 ne
823 3120 853 3172 ni
872 3117 971 3185 salios]
1002 3117 1173 3169 Plutarchus
1196 3135 1221 3182 p.
1244 3122 1304 3169 650.
1322 3121 1351 3171 Δ.

179 3187 272 3304 ipsura
290 3187 461 3254 corrigerem
483 3187 664 3240 blaesobium.
697 3187 739 3238 (il.
790 3187 852 3239 sine
873 3187 1045 3265 dubitatione
1061 3185 1195 3264 peripsitr
1209 3179 1352 3250 Ἀριστοτέ-

180 3253 545 3388 ld..¹.⁹.n²;.5l'.¹.¹.¹.‘⁰‘⁰''¹¹·
564 3255 582 3305 ¹·
598 3273 622 3307 ⁰·
649 3248 739 3320 Μ’
789 3248 1130 3387 ttttt.tt.'.“t.t⁶”tt·
1150 3252 1348 3384 ,illidii

218 3392 257 3439 ΙΙ.
293 3389 415 3455 dixerim]
442 3404 526 3453 quum
552 3387 586 3439 ad
610 3405 644 3439 ea
668 3403 740 3454 qnae
790 3387 954 3455 capitalib,
968 3388 1039 3453 qrrod
1053 3386 1095 3437 sic
1116 3385 1350 3449 inscriptorum,

181 3454 237 3507 lam
256 3455 415 3516 dictasint,
435 3454 582 3516 celeratur,
601 3456 673 3507 idem
693 3471 741 3507 ra·
791 3457 839 3506 scd
869 3455 903 3504 de
932 3455 1005 3505 libro
1035 3470 1106 3503 nunc
1136 3452 1254 3517 perdito.
1292 3451 1352 3502 l'id.

182 3524 222 3574 let
244 3538 278 3574 ae
302 3525 387 3576 dicere
414 3522 499 3585 colai,
526 3523 598 3587 qrrssd
620 3524 741 3574 iortaase
791 3522 887 3574 Stabr·
897 3522 1013 3572 Aristot.
1026 3521 1052 3571 b.
1066 3519 1197 3570 d.ltoem.
1210 3533 1236 3580 p.
1251 3521 1351 3582 litesq.

180 3589 223 3641 sie
256 3596 392 3642 cantatam
426 3596 486 3654 est,
518 3589 584 3655 quia
613 3590 741 3656 seqssitnr
824 3584 1186 3655 baiussreqncntiac]bnutl
1206 3583 1351 3634 commode

180 3657 244 3723 qaia
263 3658 292 3708 in
310 3659 423 3709 medium
438 3660 557 3724 proferre
572 3658 653 3708 colai.
688 3656 741 3706 ce·
792 3657 913 3707 retertur
928 3656 962 3707 ad
981 3655 1008 3706 id
1027 3654 1097 3719 quod
1114 3650 1267 3713 antecedit,
1294 3666 1352 3701 cse-

180 3730 271 3774 terum
298 3724 369 3775 baec
395 3725 480 3776 rerba
508 3724 635 3789 ponenda
661 3728 742 3775 erant
791 3725 845 3775 bro.

180 3795 245 3840 ante
265 3792 350 3842 rerba
368 3792 438 3857 qaod
457 3826 482 3843 ..
500 3807 541 3841 me
559 3791 688 3852 exercuit,
705 3790 739 3841 ad
825 3789 969 3841 sententiae
994 3787 1060 3854 loco]
1088 3784 1106 3836 i.
1127 3800 1151 3835 e.
1174 3798 1227 3833 noa
1247 3782 1353 3834 additis

180 3869 253 3920 qaae
277 3857 418 3921 pertinent
441 3874 474 3908 ea
499 3873 571 3923 quae
596 3858 670 3909 inira
695 3873 741 3909 se·
792 3857 895 3909 causis.

180 3926 316 3986 quantur,
336 3924 399 3989 qnid
418 3924 451 3975 de
469 3926 530 3975 cino
547 3926 741 3978 aestimaverim
825 3925 848 3974 ei
870 3921 968 3986 tamen]
993 3919 1099 3972 Sensus
1119 3921 1176 3968 ests
1199 3917 1223 3966 si
1242 3916 1352 3982 (paam-

181 3987 361 4053 sentiendam,
397 3987 424 4040 in
457 3991 559 4055 quibus
591 3990 739 4042 dicendam
791 4006 871 4106 paam
897 3988 1072 4040 dubitandam
1099 3986 1151 4047 est)
1183 3991 1271 4035 tamen
1301 3989 1352 4033 cet.

181 4061 256 4106 arat:
277 4055 343 4120 quid
362 4057 552 4108 aestimarem.
814 4056 871 4106 ool.
888 4072 911 4105 c.
929 4059 956 4118 9,
976 4056 988 4115 ,Ι
1011 4057 1034 4103 l.
1058 4055 1086 4103 si
1104 4059 1207 4102 tamen
1226 4085 1251 4099 ..
1271 4050 1352 4101 satis-

215 4123 432 4175 coasultationem
448 4123 512 4174 milei
530 4123 655 4187 debitara]
675 4119 693 4171 i.
714 4138 739 4172 e.
785 4123 872 4188 saciet
899 4120 1045 4172 consulenti
1073 4124 1101 4168 et
1128 4116 1210 4168 ovio.
1237 4116 1353 4167 Metam.

180 4190 245 4242 milti
263 4206 418 4242 concessam.
446 4188 489 4240 (il.
505 4205 529 4239 e.
543 4191 570 4253 l,
587 4190 620 4250 §5
640 4193 651 4237 1
672 4193 699 4238 et
713 4191 738 4237 2.
791 4188 836 4251 lv,
851 4191 911 4238 ⁶³7.
930 4194 958 4238 et
976 4186 1064 4237 Trist.
1083 4184 1135 4243 ΙΙΙ,
1152 4187 1193 4247 14,
1208 4184 1250 4233 24.

218 4258 292 4308 Te..
310 4258 444 4324 convenio]
465 4256 538 4309 idom
555 4254 685 4321 estquod
704 4252 741 4305 ad
826 4259 867 4305 16.
902 4254 996 4304 sortita
1025 4251 1096 4317 sunt]
1123 4249 1165 4300 (ΣΙ.
1186 4267 1208 4300 c.
1228 4255 1254 4311 t,
1276 4250 1353 4311 512.

180 4328 206 4372 te
223 4339 264 4374 me
279 4333 360 4376 verta
791 4326 819 4371 et
833 4320 868 4371 de
887 4318 947 4370 dili.
967 4320 1054 4384 prael.

213 4388 346 4456 abscisas]
375 4389 433 4441 ΙΙΙ.
460 4389 589 4456 prolegg.
612 4405 639 4452 p.
658 4401 739 4438 sarrs.
826 4390 866 4436 rs.
902 4387 998 4437 crebris
1015 4382 1233 4465 purgationibus
1252 4380 1354 4446 deputa

80 4468 162 4608 .
179 4457 252 4503 ests.
790 4451 857 4517 ten]
887 4451 1027 4518 singulari
1059 4448 1141 4502 modo
1173 4446 1278 4498 dictum
1309 4451 1355 4497 est
