2812 5242
260 494 821 563 satuuuautouttsttta.v11.
848 495 941 561 CAP.
967 495 1022 559 111.
1160 496 1226 563 509

55 663 201 730 tumeliae
224 664 321 748 plena.
370 664 419 726 De
441 662 542 746 priore
568 661 652 745 prius
673 661 780 726 dicam.
825 663 859 725 L.
883 660 1020 738 Quintus
1041 667 1163 745 pr'aetor
1190 664 1228 728 de
1240 666 1279 730 15

58 749 214 834 provincia
252 767 350 831 nuper
384 753 548 810 reverterat
580 745 754 823 observata,
789 745 872 831 quod
910 744 1028 808 mireris
1061 747 1227 812 Domitiani

56 833 262 916 temporibus,
295 838 456 915 praeturae
480 829 610 894 maxima
634 831 781 894 castitate.
825 832 856 893 Is
876 850 945 893 cum
968 849 1057 911 aeger
1077 830 1229 896 adsidenti

55 918 156 982 amico
179 916 294 981 diceret
312 914 435 998 frigidas
457 935 490 978 se
511 913 623 977 babere
645 935 767 990 manus,
803 913 946 978 renidens
972 913 1021 977 ille
1051 914 1105 978 ait:
1137 917 1176 980 Ar
1217 919 1231 981 i

59 1025 108 1067 eos
130 1003 167 1065 de
183 1003 344 1087 provincio
372 1000 484 1064 calidas
508 999 600 1095 poulo
627 1010 695 1063 ante
720 1000 873 1063 revocasti.
916 997 995 1061 Risit
1016 998 1153 1075 Quintus
1196 1019 1226 1064 e·

57 1085 248 1169 laetatusque
271 1093 326 1159 est,
349 1084 462 1168 quippo
483 1081 721 1147 alienissimusa
742 1083 916 1165 suspicione
938 1080 1099 1146 furtorum.
1144 1083 1225 1148 Con-

56 1178 118 1245 tra,
151 1170 175 1233 si
208 1170 267 1234 boc
299 1169 451 1232 diceretur
476 1167 555 1230 male
580 1166 638 1231 sibi
664 1167 788 1232 conscio
814 1174 846 1230 et
874 1185 928 1229 sua
960 1164 1041 1230 lurta
1069 1167 1225 1247 recolenti,

57 1254 268 1318 exacerbasset
294 1252 441 1316 auditum.
489 1250 697 1327 Critobulum,
731 1250 864 1314 lamosac
893 1248 1127 1334 pulchritudinis
1152 1253 1277 1319 ado-lli

60 1339 239 1413 lassantem,
269 1338 409 1401 Socrates
442 1355 512 1398 cum
545 1334 583 1399 ad
617 1335 864 1433 conparationem
896 1332 1010 1397 lonnae
1037 1346 1227 1419 provocaret,

60 1421 231 1497 iocabatur,
260 1443 323 1484 non
346 1420 505 1484 inridebat
548 1419 639 1483 Certe
661 1440 687 1483 sr
706 1420 789 1483 dicas
808 1427 1087 1483 consummatarum
1109 1419 1226 1485 divitia-

59 1525 129 1569 rum
153 1505 231 1569 viro:
266 1506 334 1568 Tibi
354 1506 448 1569 eucslo
467 1504 625 1568 creditores
647 1514 726 1579 tuos,
747 1511 802 1567 aut
821 1503 847 1566 si
870 1502 959 1566 nimis
980 1511 1081 1567 casto:
1116 1504 1228 1571 Gratas

58 1590 116 1653 tibi
137 1602 208 1653 sunt
230 1591 409 1664 meretrices,
438 1589 511 1673 queis
536 1590 680 1653 continuo
701 1611 751 1653 eos
773 1588 910 1671 lcrpitote
936 1588 1047 1664 ditasti,
1076 1595 1277 1687 uterquepata}

59 1673 291 1738 delectabuntur
317 1673 446 1737 scientes
472 1671 519 1735 his
549 1671 638 1735 dictis
663 1692 750 1736 suam
773 1671 989 1736 conscientiam
1014 1693 1076 1735 nou
1100 1692 1226 1756 maan.

60 1757 147 1821 Sicut
173 1765 277 1821 contra
302 1766 375 1822 sunt
397 1775 476 1840 quae
501 1756 559 1819 sub
585 1756 685 1840 specie
706 1756 804 1819 laudis
830 1755 996 1837 exagitant,
1029 1755 1108 1819 sicut
1135 1756 1277 1840 paulol'l
1388 1794 1390 1799 ·

61 1850 131 1905 ante
159 1841 255 1906 divisi.
298 1843 375 1906 Nam
399 1841 423 1904 si
446 1839 639 1904 timidissimo
663 1840 785 1904 dixero:
822 1839 932 1903 Achilli
949 1840 995 1903 cel
1010 1840 1137 1904 Herculi
1158 1863 1227 1906 con·

56 1927 217 2012 parendus
234 1949 272 2002 es,
290 1933 345 1990 aut
365 1924 499 1988 lamosae
517 1923 686 2008 iniquitatis
705 1925 787 1988 viro:
806 1925 871 2008 Epo
889 1935 916 1987 te
925 1925 1055 1989 Aristidi
1072 1925 1105 1987 in
1127 1928 1228 2022 aequi-

59 2022 117 2075 tcte
131 2032 304 2097 praepono,
339 2010 406 2075 sine
428 2008 523 2074 dubio
546 2009 637 2073 rerba
657 2008 778 2074 laudern
802 2007 941 2073 sonantia
960 2007 999 2072 ad
1021 2016 1125 2072 notam
1149 2019 1226 2075 utu-

860 2177 929 2228 Edd.
948 2176 1161 2245 strangulatum]

62 2259 192 2313 lllh-bl'.
233 2262 431 2328 Depraetore
450 2263 492 2312 sl.
521 2288 552 2299 -
588 2260 618 2311 Ι..
639 2260 762 2327 Quintus]
788 2258 832 2310 01.
849 2260 922 2310 Plut.
942 2260 960 2310 l.
979 2275 1013 2322 e.,
1032 2264 1058 2312 b.
1096 2262 1230 2326 Quintiae

62 2327 145 2377 c·bl‘.
162 2356 196 2366 -
212 2330 339 2394 temporis
356 2329 434 2378 1.-
452 2327 556 2394 Atquin
577 2326 756 2379 ι-1Ρ111.-
776 2327 910 2391 Quintius
927 2327 1008 2377 c-bl’·
1112 2331 1150 2378 16.
1170 2330 1230 2381 Cri·

60 2395 176 2444 lohulum
197 2431 220 2444 ..
239 2411 289 2443 non
307 2395 432 2463 grauari]
457 2394 629 2445 captust.
654 2411 679 2446 e.
706 2399 734 2446 el
752 2391 926 2459 Xenophont
945 2392 1043 2459 Symp.
1061 2397 1085 2444 b.
1112 2423 1143 2433 -
1170 2404 1231 2448 sunl

61 2461 110 2510 tibi
134 2458 202 2508 Edd.
245 2467 305 2511 sunt
327 2465 394 2520 (orn.
413 2462 474 2520 tihi)
501 2460 532 2510 Ρ.
565 2486 597 2498 -
627 2469 736 2530 stupae
762 2460 1011 2511 antas-bratica.
1055 2462 1174 2528 utrique
1200 2463 1229 2513 S.

60 2527 161 2643 sbtfiqpp
177 2542 238 2644 pp
256 2553 289 2564 -
303 2528 492 2645 prescientiurp
508 2543 586 2659 sarpa]
603 2526 666 2659 ἣ
761 2532 814 2645 1ἷὲ
837 2528 914 2645 Νὲηὲ
925 2527 948 2577 si
968 2560 1010 2644 ⁸..
1028 2533 1161 2645 tracpurus
1178 2528 1229 2646 epp]

98 2627 106 2642 .
158 2609 196 2643 u.
228 2610 286 2656 .c.,
322 2610 575 2662 .-paueane
668 2629 676 2645 .
815 2628 823 2644 .
879 2610 953 2644 nem
982 2609 1170 2645 comatae...
1216 2624 1230 2637 -

61 2745 106 2792 2⁰.
124 2747 152 2792 st
169 2741 227 2792 Cic.
247 2760 272 2808 p.
290 2742 373 2793 Arch.
390 2746 423 2806 2,
442 2746 469 2793 11.
493 2744 524 2794 ln
550 2743 620 2793 eius·
671 2741 783 2805 consul,
811 2748 841 2793 ut
867 2741 1014 2792 Fastorum
1040 2742 1231 2796 consularium

61 2810 134 2859 modi
150 2825 313 2887 perrona,
341 2826 409 2876 quae
427 2847 451 2861 ..
470 2810 576 2860 rainirae
593 2809 621 2859 in
671 2826 724 2877 ope
748 2826 792 2860 res
812 2826 864 2860 non
882 2809 971 2875 possit
988 2807 1096 2860 confici.

61 2876 169 2926 iudiciis
204 2878 379 2944 periculisque
417 2884 534 2929 tractata
573 2883 619 2927 est.
705 2879 828 2928 castitate
857 2876 876 2926 i.
893 2893 916 2926 c.
935 2876 1108 2944 integritate.

61 2943 246 3008 corruptelae
285 2959 368 2994 cansa
405 2961 468 2995 esse
508 2942 622 2994 videtur
705 2945 827 2995 renidens
857 2944 901 2994 01.
920 2944 1028 3008 1,1,1.

63 3011 181 3060 mutatio
200 3009 333 3074 subiecti,
359 3027 442 3076 quarn
461 3025 477 3060 e
495 3008 622 3061 nomina·
705 3011 819 3075 calidas]
856 3011 1033 3062 Forcellinus
1063 3008 1232 3076 interpreta-

63 3077 121 3127 tiro
139 3093 207 3142 quoe
232 3077 435 3143 intelligendus
454 3076 490 3127 sit
505 3091 622 3128 accusa·
672 3082 730 3128 tara
760 3085 812 3138 „nt
836 3094 907 3142 qnae
936 3077 964 3127 ln
989 3093 1019 3126 re
1041 3076 1134 3127 aliena
1158 3084 1231 3128 trac·

62 3143 151 3204 tirus,
173 3153 204 3194 ut
221 3161 253 3194 ex
271 3145 432 3196 accusativo
451 3141 623 3209 pronominis
674 3144 757 3194 tsnds
788 3143 1007 3195 conculcarint.“
1049 3141 1105 3193 tto·
1134 3144 1231 3194 eodem

63 3210 173 3262 relativi
193 3209 623 3279 aliasintelligiturnominati·
673 3227 756 3262 sensu
793 3210 927 3262 elicimus:
973 3209 1075 3277 „lange
1112 3211 1233 3278 Finges

63 3293 122 3327 vus.
159 3277 219 3328 Vid.
238 3280 366 3347 prolegg.
386 3298 410 3345 p.
428 3295 521 3330 xxxix.
541 3284 610 3328 extr.
672 3277 811 3329 machen.“

707 3343 847 3409 revocasti]
867 3342 885 3394 l.
904 3360 930 3393 e·
950 3341 1085 3394 retulisti.
1120 3341 1234 3394 Plutar-

674 3411 757 3461 chus:
776 3406 927 3475 κεκόμικας.

63 3441 297 3504 ‘2
317 3442 621 3507 ι
707 3478 840 3542 on

63 3573 234 3624 plurarem„
253 3574 468 3640 sympjp'bp¹
485 3574 623 3640 Ihm-3·
673 3547 781 3606 illst-'n
811 3545 885 3608 Quae
903 3544 926 3594 si
947 3550 1030 3595 tecum
1058 3543 1115 3609 ipse
1139 3558 1230 3594 reco.

66 3642 151 3691 ''ab“
171 3637 302 3692 mm·
674 3613 759 3727 'uidi
769 3627 789 3660 ι
802 3682 1042 3725 consummaturum
1078 3674 1233 3724 diuitiarum

95 3738 212 3807 praetor]
229 3739 399 3789 Plutarchus
418 3738 487 3791 dixit
501 3745 624 3791 tantum·
673 3742 740 3809 circ]
768 3741 810 3791 Ci.
830 3744 846 3803 ς
869 3743 912 3791 at.
932 3748 1003 3791 extr.
1031 3754 1231 3789 eonsumma-

64 3808 146 3858 rnodo
172 3806 223 3856 τοῦ
246 3800 394 3871 ἡμετέρου,
424 3806 495 3870 qnod
514 3807 624 3858 Macro·
673 3820 730 3862 tue
749 3810 854 3859 virtutis
872 3809 986 3859 airum.
1018 3804 1187 3856 Plutarchus
1205 3821 1232 3870 p.

64 3874 127 3925 bins
147 3873 303 3925 reddidisse
319 3873 430 3924 videtur
445 3873 552 3924 verbius
572 3875 624 3924 Dc·
674 3881 732 3928 6³2.
751 3875 781 3926 0.
806 3874 934 3926 brevius:
962 3872 1001 3943 τῷ
1025 3866 1116 3923 πάνυ
1137 3871 1234 3921 retou-

63 3943 170 3992 mitiani
196 3942 369 4006 temporibuss
397 3939 444 3989 sed
473 3939 545 3990 inlrs
572 3940 624 3990 hs·
675 3942 742 3993 clm.

65 4009 126 4057 bct:
153 4003 261 4072 Κλέπτῃ
281 4000 625 4074 δὲᾶκθυπάτῳλοιδό·
712 3994 883 4071 didicerim]
917 4003 1087 4057 Plutarchus
1105 4018 1172 4054 usas
1191 4006 1235 4053 est

65 4088 139 4137 ρημα
158 4071 203 4121 καὶ
225 4067 330 4132 ὄνειδος
345 4062 396 4138 ἦν,
426 4081 456 4123 ut
474 4073 624 4153 proconsul
674 4078 760 4129 verbo
778 4069 896 4139 ἐπάγειν.

63 4141 153 4189 luisse
180 4138 316 4188 videatur.
355 4140 383 4189 ln
408 4138 501 4191 Fastis
524 4155 625 4190 consu·
707 4151 817 4208 uterque
844 4138 1043 4190 delectabuntur
1083 4135 1176 4198 stass,
1203 4140 1236 4187 ul

63 4205 172 4257 laribus
185 4220 209 4254 a.
221 4222 246 4255 n.
259 4222 284 4254 c.
298 4205 475 4269 ucccxxt,
486 4223 540 4272 qno
551 4221 624 4256 sano
674 4209 759 4272 inira,
775 4210 791 4270 §
812 4211 850 4257 17.
868 4211 896 4257 et
912 4205 1018 4254 Comus.
1053 4239 1061 4264 ,
1077 4207 1100 4264 1,
1115 4207 1147 4265 1.,
1163 4210 1236 4255 uter-

63 4273 175 4322 occisas
188 4278 232 4321 est
248 4270 389 4338 Vitellius,
407 4279 577 4324 memoratur
595 4274 624 4324 0.
677 4293 726 4345 pue
758 4274 886 4342 iungitur
918 4287 980 4322 cuns
1013 4269 1154 4338 singulari
1184 4286 1235 4322 aa·

67 4339 206 4403 Quinctius
222 4340 342 4404 Atticus,
367 4355 448 4406 qsrem
469 4346 575 4400 manen,
600 4338 624 4390 si
677 4358 763 4394 mero.

64 4404 225 4469 respexeris
259 4406 294 4456 ad
332 4422 365 4457 ea
401 4422 472 4472 quae
506 4407 625 4458 Tacitus
712 4413 752 4458 tr.
775 4410 898 4471 fumosae
916 4405 1069 4471 iniquitatis
1085 4404 1152 4470 circ]
1168 4403 1235 4453 Plu-

64 4471 139 4523 }list.
158 4470 214 4533 lll,
232 4475 268 4521 ta
284 4476 313 4523 et
328 4476 371 4523 th.
396 4474 432 4525 de
457 4491 490 4526 eo
517 4473 627 4539 retulit,
677 4475 792 4529 larchns
810 4489 833 4524 c.
846 4477 872 4523 6.
889 4489 916 4538 p.
929 4475 990 4522 6³2.
1003 4473 1051 4523 lh:
1067 4487 1135 4530 conc
1151 4484 1237 4534 secvn-

64 4538 113 4589 hlc
131 4537 346 4605 intelligendum
363 4554 425 4593 esse
440 4540 486 4593 sia
502 4539 625 4608 putabis.
677 4537 752 4610 posia.

64 4605 160 4669 Alius,
180 4606 319 4670 Quinctius
339 4605 375 4657 Ni
396 4622 437 4670 er,
455 4624 624 4660 commemo·
710 4607 790 4659 nerlu
814 4605 921 4656 laudens
943 4604 1079 4668 sonantia]
1108 4599 1152 4652 ct.
1175 4603 1234 4664 §2

63 4679 144 4725 ratur
160 4687 186 4725 s.
203 4689 228 4724 u.
249 4670 363 4722 00ch
392 4672 445 4736 tx,
473 4690 528 4740 qao
553 4688 626 4726 anno
676 4671 865 4727 Plutarchus:
883 4666 999 4721 turon
1015 4663 1155 4735 εὐφήμων.

64 4739 190 4793 Trsiano
208 4737 346 4793 successit
361 4738 532 4793 lladrlsans.
550 4740 627 4792 later
710 4743 748 4793 cd
763 4747 853 4792 notans
870 4737 1074 4805 vituperationis
1091 4733 1165 4802 suae]
1175 4732 1235 4788 Vld.

64 4806 118 4861 hes
139 4807 237 4863 nahas
257 4805 321 4863 elas
341 4804 464 4861 uenlsls
483 4806 628 4861 lasssltss
677 4810 806 4876 prolege.
822 4821 849 4873 p.
862 4819 931 4858 xasa.

99 3379 139 3424 15.
178 3376 205 3424 L.
228 3376 351 3441 Qstintus]
383 3378 481 3428 Verum
500 3393 563 3427 esse
581 3374 623 3425 vi·
