2812 5242
152 156 214 222 tte
628 155 839 222 Macuoltll

149 344 274 424 quoque
300 324 380 387 ratio
403 322 538 387 eiusdem
568 322 778 407 appellationis
805 322 963 405 ingereret
1007 320 1085 385 Cum
1109 321 1190 385 enim
1214 323 1260 388 sol
1286 324 1319 387 in

147 431 234 493 signo
258 409 367 474 Cancri
388 407 535 472 aestivum
559 407 722 472 solstitium
745 407 831 484 lacit,
855 406 887 470 in
911 425 973 490 quo
997 414 1044 469 est
1066 406 1236 490 longissimi
1257 407 1319 473 diei

148 494 305 570 terminus,
326 501 357 556 et
379 493 448 556 inde
467 501 687 575 retrogressum
709 493 770 576 agit
789 492 827 556 ad
849 489 1081 555 diminutionem
1104 491 1235 567 dierum,
1257 493 1319 579 Py-

149 579 231 642 thius
253 599 290 641 eo
312 586 450 680 tempore
472 576 657 659 appellatur,
684 572 728 652 ὥς
749 573 901 659 πύματον
921 573 1027 654 θέων,
1056 572 1075 640 ὅ
1099 574 1167 639 ἐστι
1191 573 1251 640 οόν
1273 598 1321 641 re·

99 665 299 729 ettennon
320 663 445 743 δρομον
469 658 602 742 τρέχων.
654 661 738 725 Idem
761 661 788 725 ei
813 681 924 725 nomeu
946 660 1089 724 convenit
1117 668 1239 724 etcum
1263 661 1321 727 Ca-

150 748 325 832 pricornum
354 766 459 809 rursus
483 745 653 829 ingrediens
680 746 823 811 ultimum
846 745 1013 810 brevissimi
1040 745 1099 808 diei
1122 764 1246 809 cursum
1275 745 1322 810 in-

99 831 321 916 porptellegitur
342 830 507 915 peregisse,
537 838 568 893 et
588 830 658 895 ideo
679 831 710 894 in
729 831 876 895 alterutro
897 830 1053 913 signorum
1074 838 1197 913 peraeto
1218 850 1323 897 annuo

149 915 248 1012 spatio
265 915 426 979 draconem
447 914 573 999 Apollo,
612 916 642 980 id
668 924 714 980 est
736 915 905 980 lleruosum
935 915 993 978 iter
1015 935 1119 990 suum,
1153 914 1195 978 ihi
1218 915 1324 979 conle-

150 1021 228 1064 cisse
251 1008 445 1064 mcmoratur.
496 1001 583 1063 Hanc
609 1000 784 1085 opinionem
807 999 991 1066 Cornificius
1012 1000 1042 1062 in
1068 999 1187 1083 Etymis
1208 1000 1323 1065 retulit.

99 1084 224 1149 terreo
246 1093 348 1148 autem
371 1083 418 1147 his
440 1084 563 1148 duobus
582 1084 676 1169 signis
698 1104 778 1169 quae
797 1093 903 1170 portae
922 1085 995 1148 solis
1017 1092 1179 1159 vocantur,
1202 1084 1324 1149 Cancro

150 1178 182 1233 et
200 1168 402 1252 Capricorno,
424 1167 498 1232 haee
518 1170 641 1233 nomina
661 1169 870 1252 contigerunt,
893 1168 977 1253 quod
1003 1168 1121 1233 Cancer
1143 1168 1254 1233 animal
1275 1190 1322 1233 re·

149 1262 199 1317 tro
222 1261 314 1337 atque
336 1252 461 1337 oblique
481 1254 575 1330 cedit,
604 1255 773 1339 eademque
793 1253 912 1318 ratione
937 1253 982 1317 sol
1010 1253 1041 1316 in
1067 1273 1104 1317 eo
1131 1253 1218 1337 signo
1245 1255 1323 1318 obli-

151 1357 264 1422 quum,
288 1346 324 1402 ut
347 1338 439 1414 solet,
467 1337 573 1424 incipit
594 1360 683 1423 agere
703 1348 937 1423 retrogressum:
970 1357 1080 1423 caprae
1098 1359 1172 1403 vero
1192 1359 1322 1403 consue-

150 1421 227 1486 tudo
250 1421 324 1486 haec
345 1422 375 1484 in
399 1431 487 1506 pastu
503 1423 638 1500 videtur,
656 1433 692 1488 ut
715 1443 836 1508 semper
855 1423 950 1487 altum
972 1423 1124 1508 pascendo
1146 1431 1245 1507 petat,
1268 1423 1322 1487 sed

101 1507 182 1571 etet
207 1506 252 1569 sol
275 1506 305 1568 in
328 1507 514 1590 Capricorno
541 1508 598 1572 inei
622 1509 645 1572 it
666 1510 705 1573 ab
726 1508 794 1572 imis
817 1509 848 1571 in
868 1509 927 1572 alta
951 1528 1094 1572 remeare.
1136 1503 1323 1571 Ἀπόλλωνα

151 1590 338 1688 Διδυμαῖον
361 1601 487 1669 vocant,
521 1613 584 1677 quo
633 1593 783 1676 geminam
811 1593 943 1678 speciem
966 1593 1014 1656 sui
1035 1592 1169 1656 numinis
1192 1591 1323 1676 praefert

152 1674 216 1759 ipse
237 1674 447 1740 inluminando
469 1677 691 1762 formandoque
711 1679 830 1741 lunam:
857 1677 969 1741 etenim
997 1698 1034 1742 eu
1055 1697 1118 1741 uno
1141 1676 1224 1740 fonte
1245 1677 1323 1741 lucis

152 1758 273 1842 gemino
294 1760 392 1824 sidere
413 1762 509 1845 spatia
532 1762 591 1826 diei
613 1772 644 1827 et
664 1762 763 1827 noctis
784 1762 937 1827 inlustrat:
967 1763 1049 1826 unde
1071 1769 1103 1825 ct
1121 1762 1252 1825 Romani
1272 1784 1322 1826 so-

152 1844 210 1907 lem
228 1845 285 1909 suh
304 1845 427 1909 nomine
449 1854 481 1910 et
502 1847 602 1932 specie
620 1848 684 1911 lani
702 1846 860 1932 Didymaei
881 1846 1030 1933 Apollinis
1049 1846 1249 1931 appellatione
1269 1868 1319 1909 re-

43 1964 51 1977 ·
102 1928 307 1994 denerantur.
350 1926 537 1994 Ἀπόλλωνα
555 1930 623 1996 Δέλ
652 1956 705 1997 ιον
731 1942 856 2010 vocant,
883 1933 967 2017 quod
990 1951 1069 2017 quae
1090 1931 1220 1995 obseura
1249 1937 1323 1994 sunt

153 2012 333 2079 claritudine
354 2015 430 2080 lucis
453 2017 600 2097 ostendit,
623 1957 659 2082 ds
680 2019 740 2082 τοῦ
761 2018 884 2101 δηλοῦν
905 2014 1034 2102 ἀφανῆ,
1058 2023 1129 2094 aut,
1151 2022 1187 2079 ut
1205 2016 1322 2084 Nume-

220 2213 301 2282 [un.
319 2216 447 2270 euers

153 2326 186 2336 -
203 2299 237 2349 in
254 2299 318 2351 lenae
336 2299 365 2351 S.
399 2302 430 2352 ni
446 2302 504 2354 lenc
522 2306 618 2371 vde-g.
640 2332 669 2343 -
695 2303 914 2358 serastes-121².
941 2330 974 2341 ·-
999 2303 1177 2372 ingereretur
1193 2301 1222 2352 S.

152 2368 193 2415 66.
226 2366 257 2416 ld
276 2375 321 2420 est
337 2385 431 2420 nomen
446 2370 477 2420 Δ.
497 2398 527 2427 ,-
553 2388 664 2423 seersum
683 2373 713 2425 A.
732 2399 765 2413 —
789 2373 970 2426 altissimum
984 2371 1019 2422 G.
1037 2396 1068 2407 -·
1089 2370 1278 2422 breuissimum
1294 2367 1324 2419 S.

152 2459 185 2469 -
202 2433 292 2485 altero
308 2443 368 2486 utro
386 2434 445 2486 BG.
461 2463 493 2475 —
509 2439 546 2489 idi
564 2456 696 2507 cmv-g.
713 2467 745 2478 -
763 2442 790 2490 in
809 2439 925 2492 echinis
942 2438 972 2490 Ι.
1070 2441 1111 2488 66.
1138 2436 1327 2489 haecomnia

154 2500 251 2550 ιιι-111).
278 2502 372 2564 „llaec
391 2506 498 2555 nomina
515 2506 581 2555 lilsri
597 2509 737 2558 reteres.“
753 2507 833 2559 Pont.
848 2533 881 2546 -
900 2505 1011 2557 incedit
1028 2505 1063 2554 G.
1086 2531 1120 2542 -
1145 2506 1174 2555 in
1191 2505 1324 2570 capricor-

152 2583 225 2617 num
238 2566 270 2617 A.
371 2572 414 2619 64.
442 2573 485 2621 sui
501 2573 620 2625 luminis
634 2574 823 2636 „Monuerunt
840 2573 925 2624 sinici
945 2572 979 2621 de
996 2571 1048 2621 hac
1067 2570 1231 2621 coniectura
1248 2587 1325 2621 euna·

153 2650 216 2685 usuc
229 2633 290 2698 spei
304 2635 494 2689 adolescentis
507 2639 649 2706 llugcinni
660 2639 763 2691 Grctii.
784 2640 821 2689 Et
838 2638 946 2704 placuit
964 2636 1110 2703 placetque
1126 2637 1231 2687 serio.“
1243 2636 1326 2689 Pont.

155 2729 184 2737 —-
214 2702 458 2755 illustrantPs·z.
492 2707 642 2759 illustritut
661 2706 689 2759 S.
717 2732 751 2745 ·-
779 2707 838 2757 ium
857 2706 966 2771 didyme
984 2703 1009 2753 ei
1026 2701 1055 2753 S.
1090 2704 1169 2753 unni
1192 2704 1325 2769 didymuts'

154 2771 196 2817 vl.
231 2769 311 2818 unni
329 2770 478 2836 didymuei:
501 2772 555 2824 vat.
589 2774 681 2836 unni,
704 2773 845 2840 Didymei
863 2771 920 2839 elrg
938 2770 972 2831 (h
991 2769 1019 2820 in
1039 2785 1096 2836 mg.
1119 2770 1203 2833 „luni
1220 2772 1323 2829 snt.“).

154 2838 197 2885 65.
226 2836 386 2889 claritudine
403 2841 481 2891 solis
494 2839 523 2892 S.
541 2868 575 2882 -
593 2833 661 2893 siud
677 2839 1000 2893 cesten-Asseria
1014 2834 1157 2902 spsucll.
1188 2850 1324 2887 Anseres

155 3008 267 3062 croliius
284 3010 356 3063 lauec
375 3013 543 3081 cognomina
566 3014 717 3069 retulitsel
765 3015 872 3074 innoc
899 3009 947 3064 sat
972 3006 1005 3061 ed
1033 3009 1173 3075 μαντεῖον.
1223 3007 1325 3058 llilde-

155 3086 262 3130 cerluus
280 3081 419 3145 quoddam
437 3083 502 3132 enni
520 3091 638 3149 tenipus.
767 3082 863 3132 brand.
881 3080 916 3130 ud
930 3078 1032 3129 druch.
1051 3077 1073 3141 l,
1089 3079 1132 3126 26.
1153 3075 1327 3126 eitutlllnel-

189 3150 231 3197 61.
267 3148 348 3213 enim]
368 3148 428 3198 Vid.
447 3156 503 3201 not.
520 3151 648 3214 611566.
767 3149 818 3201 ler.
841 3146 1072 3213 lienium.
1110 3143 1219 3194 lloeelc
1241 3141 1327 3193 Creta

188 3213 340 3281 longissimi
357 3216 411 3265 dici
426 3218 563 3285 terminus]
581 3219 599 3270 l.
616 3234 642 3269 e.
659 3221 717 3268 ter·
766 3216 808 3278 ll,
831 3233 858 3283 p.
878 3218 931 3266 616
948 3230 989 3279 eq.
1025 3213 1116 3263 Etiam
1141 3210 1262 3278 Etymol.
1287 3211 1326 3260 Μ.

153 3278 715 3408 'diliis‘lliiild‘s‘''⁶2¹⁰”i{³⁸³'⁰⁰in*
766 3276 1328 3413 Ξἕω’·“ἰῖ’”“ιιι“ἄξι“”’“λῖιᾞῗῗ

484 3371 529 3402 .ν
554 3370 634 3404 smum
671 3366 714 3403 re·
786 3368 806 3401 π
857 3367 913 3401 των

153 3414 257 3463 nissimi
275 3412 329 3463 diei
345 3430 458 3465 cursum.
766 3417 928 3470 Macrobius
944 3416 1036 3467 minue
1052 3364 1127 3466 reedd
1139 3407 1195 3462 sind
1212 3411 1262 3461 rosi
1281 3379 1328 3461 ds:

188 3483 230 3530 63.
266 3496 335 3567 pune
365 3489 459 3547 portae
488 3484 552 3534 solis
577 3483 716 3553 uocnntssr]
767 3480 891 3550 δύμον,
918 3484 1099 3550 quamohrem
1129 3479 1269 3545 geminam
1299 3477 1327 3529 ei

156 3545 237 3597 0⁰⁰¹·
256 3546 362 3598 (esssslm-
382 3548 405 3606 Ι,
428 3551 466 3614 ¹2,
483 3553 508 3599 1.
767 3552 868 3603 tribuit
886 3550 1017 3618 speciem.
1042 3548 1085 3598 01.
1104 3545 1241 3596 zeitschr.
1260 3545 1278 3594 i.
1296 3544 1327 3594 d.

187 3623 217 3666 ut
241 3631 343 3680 semper
368 3615 452 3666 ultum
474 3617 607 3683 pascendo
627 3617 715 3685 petet]
766 3619 810 3670 W.
827 3622 900 3668 1641.
921 3636 946 3684 p.
963 3621 1021 3667 666.
1048 3612 1168 3666 Zenniue
1187 3611 1257 3661 citet
1274 3610 1327 3659 Er·

154 3679 198 3730 cl.
217 3698 241 3730 c.
258 3686 301 3731 21.
320 3684 402 3744 526,
423 3689 450 3732 et
467 3700 489 3733 ο.
508 3686 550 3733 22.
570 3684 583 3748 i
602 3689 626 3734 6.
766 3687 887 3738 nentium
907 3687 941 3737 ud
966 3684 1080 3736 sueton.
1101 3679 1194 3743 curig.
1213 3681 1255 3727 21.
1276 3675 1325 3741 qui

189 3751 231 3797 64.
269 3747 436 3814 Διδυμαῖον]
469 3749 549 3802 Conl.
580 3750 716 3816 Stephun.
767 3753 910 3805 existimet
932 3749 1090 3817 Apollinem
1124 3745 1266 3814 geminum
1296 3743 1326 3794 in

154 3813 223 3880 Byr.
255 3814 401 3877 Δλδομα,
437 3810 601 3903 οὐδετέρως,
633 3814 718 3879 τόπος
768 3822 929 3873 universum
949 3816 1144 3881 roeuri,qund
1163 3812 1328 3865 nunninus

154 3879 201 3930 nal
222 3882 352 3944 μαντεῖον
376 3877 503 3949 Μιλήτου
529 3881 717 3949 αφιερωμένον
768 3904 822 3939 uno
841 3894 922 3955 partu
940 3884 978 3937 sit
995 3884 1097 3935 editus.

156 3945 208 3997 Διῒ
220 3945 267 3996 καὶ
278 3940 431 3998 Ἀπόλλωνι·
445 3950 526 4003 ...τὸ
541 3946 653 4003 levium
665 3955 717 4003 Δι-
803 3956 876 4022 lens]
893 3954 971 4004 conl.
992 3969 1017 4003 c.
1037 3956 1063 4002 9.
1080 3951 1093 4015 ᾗ
1111 3953 1129 4000 o
1147 3964 1207 4014 sqq.

155 4009 258 4076 δυμεὺς
284 4012 330 4063 καὶ
359 4016 555 4082 Διδυμαῖος
581 4016 715 4083 sequendo.
801 4026 843 4074 66.
880 4018 1009 4087 Aidepsos]
1025 4018 1191 4082 Alius,ute
1215 4012 1331 4066 udl’lu·

154 4081 226 4132 Plin.
251 4078 284 4130 N.
308 4080 344 4130 fl.
372 4082 472 4143 v,·29.
496 4102 517 4135 s.
543 4089 586 4134 ³1.
612 4088 628 4146 §⁸
656 4090 716 4136 112.
768 4095 823 4139 ton.
843 4089 877 4139 dc
896 4091 973 4155 legg.
993 4087 1048 4149 lll,
1065 4105 1092 4153 p.
1113 4089 1173 4137 666.
1191 4032 1223 4135 d.
1246 4086 1274 4132 cl
1292 4081 1330 4131 ll·

158 4149 302 4200 oraculum
336 4186 361 4200 ..
400 4151 541 4217 Didymei
576 4152 716 4216 Apollinis.
766 4156 855 4223 orph.
874 4159 916 4219 66,
938 4158 974 4219 1.,
991 4162 1108 4207 vocatur
1125 4144 1270 4216 Δελφικός.

154 4215 247 4268 Strab·
262 4216 333 4281 111,
347 4219 370 4279 1.
386 4236 412 4284 n·
428 4222 486 4269 1⁶⁶·
500 4217 627 4270 Tanchn.
640 4212 717 4286 Ἑξῆς
800 4223 1064 4291 ιυιι...οιιωιιιι]
1080 4214 1329 4287 „vicensinum

153 4278 209 4334 ἔστι
237 4280 269 4337 τὸ
290 4288 422 4350 μαντεῖον
444 4286 495 4338 τοῦ
519 4285 717 4352 Δινδομέως
765 4290 901 4343 allusisse
928 4297 1011 4357 poeta
1033 4291 1085 4341 illo
1108 4301 1207 4339 versus
1224 4306 1257 4321 -

154 4352 205 4409 (1¹¹-
245 4353 360 4417 areop.)
392 4348 591 4415 ’Λπόλλωνος
620 4351 653 4406 τὸ
686 4352 718 4407 ἐν
764 4352 818 4423 reip
841 4350 857 4408 d
879 4355 919 4424 βω
941 4351 1078 4416 ὁςΑὖτὸς
1098 4351 1259 4415 Autonoe
1280 4341 1328 4394 ml

156 4419 336 4485 Βραγχίδαις,
353 4422 474 4474 Peucen.
494 4423 553 4485 tlt,
575 4426 601 4482 2,
624 4426 650 4474 4.
674 4417 716 4474 Τὸ
765 4374 1328 4487 hieronicarumultilisstutlrymuo

154 4480 279 4549 lepisti
297 4482 333 4539 ἐν
351 4485 521 4554 Διδύμοις
537 4489 598 4541 essi
614 4484 716 4542 'Aaedt-
765 4488 804 4549 sic
819 4482 971 4541 Ἀπόλλωνα
988 4488 1026 4553 [r.
1046 4491 1098 4540 466
1117 4482 1203 4550 sq.].“
1221 4478 1310 4532 Pm-
