2812 5242
122 144 187 209 246
602 133 813 201 Macuolur

123 321 190 376 turn
219 309 249 372 in
276 306 336 370 lilia
366 305 501 369 animum
526 322 627 387 usquc
655 302 693 367 ad
724 302 856 386 speeiem
885 300 1094 383 procacitatis,
1131 301 1185 366 sed
1211 312 1300 368 reatu

123 395 270 460 liberum:
294 400 325 454 et
345 389 435 453 talem
459 386 552 451 luisse
574 408 591 451 a
613 388 656 451 ud
679 388 809 451 maiores
834 384 991 451 Claudiam
1014 384 1137 450 eredere
1158 386 1299 453 audebat.

124 482 234 561 ltaque
256 476 334 539 inter
354 473 467 536 amicos
490 471 565 534 dixit
584 408 661 535 duas
680 470 793 536 habere
813 492 845 534 se
863 469 938 533 illias
958 469 1117 547 delicatas,
1148 491 1224 555 quas
1246 494 1299 537 ne-

95 566 210 629 5cesse
239 559 364 622 liaberet
391 556 485 631 ierre,
519 576 582 619 rem
609 555 762 639 publicam
786 562 816 619 et
837 554 954 618 Iuliam.
998 555 1133 618 Venerat
1159 555 1198 619 ad
1226 578 1299 621 cum

125 644 283 712 licentiore
308 640 435 717 vestitu,
469 648 501 702 et
527 639 634 704 oculos
665 640 834 703 ollerrdorat
861 639 955 722 patris
980 639 1118 703 tacentis.
1167 642 1302 707 Mutavit

126 730 227 795 enltus
252 725 298 791 sui
322 733 443 809 postera
466 724 516 788 die
538 745 668 801 morem,
692 732 723 788 ct
743 724 855 789 laetum
879 732 994 807 patrem
1017 722 1168 788 adfectata
1189 726 1300 790 severi-

126 822 189 877 tate
213 810 358 895 conplexa
383 816 438 873 est.
478 813 521 872 att
545 809 607 885 ille,
636 808 690 892 qui
711 808 808 892 pridie
827 808 963 871 dolorem
984 828 1073 870 suum
1097 807 1301 889 continuerat,

127 895 272 981 gaudium
297 893 453 957 continere
475 913 537 956 non
555 893 673 977 potuit,
693 902 738 957 ct:
760 894 912 969 (lunatam
934 892 999 966 bic,
1021 892 1078 969 ait,
1101 895 1134 956 in
1153 894 1221 1039 plia
1238 896 1301 959 Aa·

128 983 211 1066 pacti
230 978 419 1065 probabilior
442 991 482 1041 eet
508 979 623 1042 cult-aee?
663 978 731 1043 Non
758 976 855 1040 deiuit
881 976 1049 1059 patrocinio
1074 996 1130 1039 suo
1171 976 1230 1041 ulia
1254 978 1302 1043 his

100 1063 245 1131 brerliis:
268 1063 368 1127 Hodie
390 1063 468 1125 enim
485 1084 532 1125 me
544 1063 646 1148 patrie
668 1062 761 1127 ararim
779 1063 902 1135 ornavi,
920 1061 989 1125 beri
1006 1062 1077 1124 oiri.
1131 1062 1248 1127 Notum
1272 1070 1303 1129 et

131 1148 215 1213 illud.
256 1151 438 1210 Ar'erterant
461 1146 492 1208 in
518 1166 550 1209 sc
571 1146 717 1231 populum
742 1145 773 1209 in
798 1145 971 1229 spectaculo
997 1143 1197 1226 gladiatorum
1216 1147 1301 1212 Livia

131 1241 162 1297 ct
183 1232 259 1295 lulia
281 1230 444 1294 comitatus
466 1229 728 1307 dissimilitudine,
776 1229 867 1313 uippe
887 1229 1077 1312 cingentibus
1097 1229 1212 1294 Liviam
1234 1251 1301 1313 gra-

130 1317 219 1384 vibus
241 1314 326 1393 viris,
355 1314 429 1379 lraec
455 1314 620 1379 iuventutis
643 1250 819 1400 etquidem
842 1315 1015 1381 luxuriosae
1036 1334 1126 1398 grege
1145 1314 1301 1381 circumsi-

199 1484 279 1550 [un.
299 1482 450 1535 auersa.

129 1570 155 1618 4.
184 1567 292 1617 baberet
312 1566 379 1625 (del.
399 1574 419 1627 t,
440 1582 493 1617 om.
513 1570 554 1625 cc)
574 1566 607 1616 G.
641 1567 781 1618 scitabere
799 1567 879 1619 c-bl'.
912 1595 947 1607 -
971 1570 1034 1618 bet
1051 1570 1076 1618 5.
1104 1567 1300 1632 rempublicam.

130 1641 156 1685 ct
175 1634 249 1684 iulia
268 1641 376 1685 uenerat
395 1634 507 1684 adeum
520 1632 575 1683 BV.
608 1633 1092 1699 rampe-iuliaceneratadcnmi.
1130 1635 1251 1685 baliam
1272 1643 1301 1687 ct

131 1700 340 1767 Rempublieam.
372 1701 448 1750 iulia
466 1703 630 1752 venerated
650 1717 708 1751 cum
728 1718 787 1769 c-g.
822 1719 905 1769 remp.
930 1704 967 1754 Et
987 1702 1063 1752 iulia
1083 1702 1164 1752 venit
1187 1702 1224 1751 ad
1243 1718 1302 1752 cum

130 1766 178 1817 Pr.
213 1784 293 1835 remp.
313 1774 338 1818 et
357 1767 430 1817 iulia
448 1770 533 1827 (ιιι.)
553 1773 682 1818 venerata
701 1768 781 1820 deam
802 1768 836 1821 G·
871 1785 953 1835 remp.
973 1776 997 1819 ct
1016 1769 1088 1818 iulia
1107 1775 1238 1818 venerata
1257 1769 1303 1818 dc·

128 1849 204 1885 mum
222 1834 271 1883 Pr.
306 1850 386 1900 remp.
406 1841 431 1884 et
454 1834 527 1884 iulia
551 1842 682 1886 venerata
705 1836 868 1887 dominura
889 1834 1099 1885 Avall23l'26.
1201 1839 1226 1883 5.
1255 1851 1300 1885 oc·

128 1899 365 1951 retroducitur.
399 1901 507 1952 babitu
525 1900 643 1952 t-tPSv.
663 1930 690 1939 -
710 1903 788 1953 calta
802 1902 830 1951 S.
841 1926 874 1937 —
889 1901 998 1967 gaudia
1018 1902 1048 1949 Α.
1064 1926 1098 1937 -
1111 1900 1145 1948 lit
1160 1908 1300 1965 quantum,

128 1967 180 2025 ait,
198 1968 225 2016 in
237 1968 282 2033 fil.
300 1969 372 2033 Aug.
390 1968 457 2033 prol.
476 1975 514 2019 eet
531 1968 673 2019 biccultue
691 1968 745 2033 i-g.
848 1969 873 2015 a.
903 1964 1302 2017 Acerraencnsscsvt-enrra

130 2032 185 2093 (Pr
202 2049 219 2083 a
236 2050 260 2098 p.
280 2041 518 2095 marcomerem).
545 2035 662 2097 „Scribe
684 2038 878 2083 conuerterant
898 2048 931 2083 ex
953 2030 1020 2081 aliie
1039 2030 1227 2097 editionibus,
1256 2035 1302 2085 sel

129 2100 341 2151 adverterant.·‘
359 2101 443 2152 (iren.
477 2103 654 2153 adverterant
670 2098 725 2149 bl2.
762 2100 1055 2151 conuerterantlrl‘lb.
1090 2102 1301 2153 conuertebant

129 2166 197 2218 st.
217 2194 248 2205 -
266 2169 389 2237 equidem
403 2170 472 2234 (ern.
491 2170 530 2234 et)
547 2168 580 2219 G.
598 2193 631 2206 -
648 2166 792 2219 luxuriosa
811 2166 851 2227 (G
868 2183 885 2219 ιι
903 2183 960 2218 ccc.
979 2168 1030 2233 m.)
1046 2171 1089 2217 vl.
1105 2195 1137 2205 -
1155 2168 1299 2222 circumea-

130 2317 209 2367 rerbi
228 2318 347 2371 blandiri
361 2316 533 2385 cignilientio
550 2320 601 2380 ert,
619 2314 649 2363 h.
662 2329 687 2365 e.
737 2324 852 2371 staret.
890 2318 932 2370 Ci.
950 2316 1049 2370 Livius
1067 2316 1171 2381 lllllll,
1194 2321 1239 2383 14,
1259 2322 1300 2369 12.

130 2385 281 2453 credebat,
303 2404 352 2438 eeu
371 2388 406 2436 ob
426 2382 628 2449 indulgentiam
645 2380 687 2433 in·
740 2384 881 2437 Matronae
908 2386 1036 2453 primores
1065 2387 1197 2451 ciuitatis,
1234 2388 1302 2439 inter

130 2451 252 2505 draecbat
268 2454 392 2506 animum
409 2459 439 2503 ut
455 2453 582 2503 crederet
598 2448 687 2500 liliam
739 2468 806 2518 puae
829 2456 909 2504 uniuc
931 2454 1099 2505 Claudiae
1127 2455 1241 2518 Quintae
1259 2456 1302 2505 ia·

129 2518 243 2585 quidem
271 2520 361 2572 videri
388 2518 557 2583 impudicam
583 2516 631 2567 ced
657 2532 689 2567 rc
741 2520 820 2597 aigne
839 2529 877 2571 cet
894 2537 1001 2584 nemen,
1019 2536 1156 2587 accepere:
1183 2522 1226 2571 cui
1243 2521 1301 2571 du-

131 2602 195 2637 ecco
217 2588 352 2641 anetem.“
373 2584 456 2635 Ζιιιιιι,
484 2613 511 2623 -
531 2581 688 2635 Fecundior
739 2585 806 2647 bra,
843 2594 872 2638 ut
913 2588 1043 2648 creabitur,
1092 2594 1172 2637 antea
1207 2589 1300 2651 sama

130 2652 216 2704 ail'ert
235 2654 346 2719 lllpian.
364 2650 427 2715 big.
447 2650 542 2711 xxva,
552 2656 578 2712 1,
589 2652 615 2698 3.
626 2666 649 2701 ι.
662 2653 688 2699 2.
739 2652 921 2703 clariorem
938 2653 1147 2718 adportare·
1164 2660 1220 2703 tam
1237 2655 1301 2705 reti-

131 2720 370 2771 Blandiuntur
390 2716 458 2766 enim
485 2716 551 2767 cibi
572 2715 618 2781 que·
639 2733 691 2783 pu·
764 2718 818 2767 iaec
837 2719 982 2769 ministerio
1005 2718 1204 2781 pudicitiara
1220 2722 1302 2783 sccit,·

130 2794 189 2837 tant
210 2786 364 2838 lranorariae
383 2790 481 2833 tutores
505 2782 609 2833 omnino
637 2800 691 2833 non
741 2734 816 2835 §lim
834 2782 866 2835 N.
885 2784 918 2833 11.
936 2784 993 2843 1ἸΙ,
1010 2788 1052 2833 115.
1072 2784 1302 2837 Pudiciceima

130 2854 223 2915 teneri,
239 2859 267 2905 ct
282 2851 362 2905 oeta.
380 2848 438 2899 dm.
455 2847 492 2909 ll,
511 2852 611 2909 11,51.
639 2850 691 2900 Cur
735 2852 842 2916 femina
920 2851 1040 2901 iudicata
1063 2857 1101 2900 eet
1119 2886 1142 2899 ..
1161 2851 1303 2918 religionis

129 2921 290 2973 monentia
308 2914 467 2969 blandiar
486 2915 542 2982 ipre
559 2912 656 2965 meir?
741 2918 915 2984 experimento
943 2917 1089 2967 Claudia
1114 2916 1221 2967 inducta
1245 2918 1300 2969 llo-

164 2986 251 3049 rcatu]
270 2986 289 3034 i.
300 3000 324 3033 e.
338 2982 429 3044 culpe.
449 2979 490 3031 ci.
505 2980 688 3033 llildcbrentl.
740 3001 810 3034 marn
833 2984 914 3034 Deum
937 2984 1038 3044 blatre3
1068 2983 1195 3033 Lactant.
1213 2982 1254 3049 ll,
1274 2991 1300 3047 1,

130 3053 164 3105 ed
182 3052 262 3115 llpnl.
279 3050 390 3099 Metam.
409 3045 468 3111 l'll,
486 3052 510 3098 9.
533 3065 558 3113 p.
576 3052 637 3100 550.
656 3076 690 3088 -
742 3054 783 3101 la.
808 3052 982 3102 Claudiam
996 3054 1103 3116 serant,
1122 3068 1203 3169 puae
1222 3068 1301 3103 ecm-

129 3114 442 3171 Mccmlernhncsoce
484 3114 690 3168 ιίιιιιιιιιιιιιιιιι
738 3118 1098 3186 perimpudicacecet
1147 3119 1240 3171 abita
1265 3122 1301 3173 ab

129 3200 192 3235 ecco
210 3180 307 3259 retulit
325 3179 446 3245 Quintil.
462 3132 536 3245 llll,
551 3184 630 3245 aaa.
739 3185 858 3236 nimiae
882 3186 1039 3253 carporie
1063 3188 1188 3248 cultae,
1223 3188 1301 3240 dcam

161 3248 241 3298 talam
262 3250 348 3308 faccee
368 3248 441 3314 apud
467 3251 580 3300 maiores
607 3251 689 3301 Clau·
741 3288 765 3303 ..
785 3269 882 3313 craece,
902 3260 941 3314 ut,
959 3254 1023 3304 cicc
1040 3261 1142 3306 cartam
1159 3254 1301 3317 iudicarat,

128 3312 212 3375 eliam]
234 3311 366 3375 Zerrniuc,
383 3313 430 3379 qui
450 3324 544 3368 censet
563 3315 688 3383 intelligi
740 3336 816 3370 cuum
834 3321 973 3387 cingulum
989 3330 1154 3387 aequaretur,
1170 3322 1222 3372 Sil.
1237 3321 1301 3374 tect.

128 3378 163 3445 Q.
197 3378 308 3431 Metelli
343 3380 453 3432 Ceteri·
487 3399 618 3445 uxorem,
654 3386 689 3433 de
740 3385 886 3449 xvimam
913 3388 1127 3439 Claudianae
1148 3404 1301 3455 aequepo-

127 3442 208 3495 cuiue
242 3447 325 3499 foeda
361 3448 480 3500 libidine
512 3457 621 3502 constet
654 3466 688 3501 ex
737 3455 798 3519 pubi
818 3455 1005 3506 malccrcdita
1020 3457 1110 3519 sama.
1145 3454 1301 3507 Neinrcctc

126 3510 186 3563 cte.
213 3530 262 3578 pro
281 3514 390 3577 Caelio,
419 3516 453 3568 ad
477 3520 532 3569 nte.
558 3518 598 3580 ll,
620 3522 642 3568 1.
661 3522 690 3568 ct
740 3522 826 3587 saelge
860 3537 910 3586 pro
939 3521 1051 3589 virgine
1080 3522 1186 3573 l'ectali
1217 3522 1302 3573 Clau·

125 3578 281 3633 Plutarcho
303 3583 332 3634 in
355 3582 490 3635 Cicerone
509 3584 600 3651 iicqno
618 3602 689 3651 qnae
740 3586 813 3639 aliam
830 3587 930 3639 lraberi
950 3589 1183 3641 docuitllulreruc
1202 3588 1230 3638 in
1249 3589 1301 3641 ad-

125 3646 271 3701 Manubiae
295 3650 473 3702 adnotarcrit
500 3653 533 3703 nd
556 3653 615 3704 Cic.
639 3651 688 3703 Di·
739 3662 794 3706 not.
814 3655 847 3705 ad
867 3655 977 3707 Litium
995 3657 1014 3706 1.
1030 3673 1054 3705 c.
1077 3654 1122 3705 01.
1139 3654 1224 3705 etiarn
1240 3654 1298 3707 Cic.

125 3730 200 3767 vere.
217 3718 297 3781 tta,
315 3720 475 3783 toteccelo,
494 3720 627 3785 ntniunt,
644 3738 688 3771 cr-
739 3739 767 3788 p.
784 3721 861 3773 Cael.
890 3726 937 3785 14,
959 3726 975 3784 s
998 3724 1040 3773 34.
1067 3726 1095 3772 et
1123 3722 1158 3772 dc
1182 3720 1298 3787 herncp.

126 3788 180 3834 nt.
231 3784 356 3851 ll'nrnque
390 3787 464 3839 hanc
491 3788 579 3852 suiecc
614 3789 688 3854 apud
738 3805 812 3856 resp.
832 3790 964 3854 15521.

125 3849 240 3901 naiores
257 3852 399 3919 dragantea
422 3860 497 3905 certe
522 3854 615 3905 dicere
633 3871 686 3905 non
771 3862 797 3907 5.
834 3858 973 3921 adfectata
995 3853 1144 3921 seueritate]
1172 3853 1215 3905 Gi.
1240 3854 1300 3907 cie.

126 3916 688 3983 potuit,neqrreeernmeetdernuliere
739 3922 773 3974 de
800 3924 863 3975 har.
893 3938 966 3987 rccp.
998 3923 1017 3972 l.
1046 3938 1071 3971 e.
1109 3923 1139 3985 Q.
1171 3923 1298 3985 Claudia,

127 3982 210 4033 faeda
226 3982 345 4036 libidine
363 3987 473 4053 infami,
485 3989 534 4040 ced
552 3988 587 4041 de
602 3988 688 4040 dubia
738 3992 812 4041 euius
842 3992 982 4057 priscam
1014 3989 1109 4039 illam
1141 3992 1301 4043 seuerita-

125 4046 201 4129 iame
220 4049 343 4103 feminae
359 4061 464 4119 caetae,
483 4054 576 4122 qualia
595 4056 689 4107 inerat
738 4064 799 4108 tem
816 4058 941 4124 sacrificii
958 4057 1071 4120 mirifica
1083 4064 1133 4109 tua
1149 4075 1223 4110 coror
1244 4058 1300 4109 cxi-

125 4116 179 4167 1lle
197 4116 316 4169 Claudia
333 4121 367 4171 de
385 4137 441 4188 qun
458 4122 610 4175 Suetonius
622 4122 688 4173 Tib.
739 4124 862 4175 elimatur
875 4126 990 4175 imitata.

124 4184 166 4235 2:
200 4185 329 4249 Claudia,
359 4186 465 4253 inqrrit,
489 4192 548 4254 suit
571 4197 596 4241 ct
621 4205 689 4255 quae
772 4193 797 4239 e.
834 4194 993 4244 Auertcrant
1016 4191 1044 4242 ia
1069 4207 1097 4242 ec
1115 4189 1256 4271 populum]
1281 4204 1299 4239 a

123 4255 689 4308 naacmcumeacrieMatrichumldaeae
738 4260 901 4323 spectaculo
926 4259 972 4309 sel
996 4274 1012 4309 a
1038 4264 1140 4309 cerem
1162 4256 1209 4322 qui
1232 4254 1298 4305 ede-

124 4317 308 4373 ebbucrcntcm
334 4324 456 4376 Tiberino
478 4325 549 4375 cada
572 4324 689 4374 extraxit
738 4331 811 4376 runt.
826 4325 870 4375 Gi.
884 4323 944 4375 luis.
960 4324 998 4389 11,
1012 4328 1039 4388 5,
1056 4328 1081 4374 6.
1103 4324 1157 4374 Sed
1175 4340 1192 4373 a
1208 4320 1299 4371 ceteris

122 4394 234 4449 precata
249 4390 406 4457 propalam,
432 4398 462 4443 ut
480 4393 519 4442 ita
538 4391 642 4441 demum
660 4406 688 4442 ec
739 4428 763 4443 ..
792 4392 907 4444 caucalis
937 4393 1014 4444 liberi
1041 4392 1179 4443 omniurn
1207 4387 1240 4439 in
1265 4403 1298 4438 ea

124 4460 286 4519 sequeretur,
303 4458 334 4510 ci
350 4458 416 4511 cibi
429 4458 600 4525 pudicitia
617 4474 688 4511 can·
738 4467 937 4513 auerterant
953 4459 1077 4511 ecutae.
