2812 5242
185 117 249 183 530
658 111 869 180 MACROBll

187 302 355 368 numquam
377 280 461 345 illum
484 281 545 365 pati
567 282 620 364 qai
645 282 813 366 simplicem
834 283 936 346 sumit.
980 280 1012 348 Si
1033 302 1104 348 vcro
1125 288 1157 348 et
1178 282 1236 368 qui
1258 304 1362 348 mensa

186 369 297 434 lruitur
317 366 441 452 copiosa
463 366 522 429 hoe
549 366 655 430 vitium
680 388 770 452 saepo
791 389 853 431 non
879 366 983 445 sentit,
1020 377 1052 432 et
1071 368 1124 452 qui
1147 389 1182 432 se
1204 390 1272 434 uno
1295 368 1361 433 eilia

186 454 281 519 allicit
305 471 396 533 saepe
416 452 545 514 sustinet
580 451 644 516 uod
667 472 801 530 aeonem,
822 472 876 517 eur
896 451 955 516 hoc
973 453 1111 517 varietati
1130 461 1162 517 ot
1180 474 1248 517 non
1271 453 1360 517 modo

133 537 346 630 puapedaeitati
373 535 536 619 adsignas?
606 557 653 601 am
687 546 719 601 et
745 537 784 603 de
811 537 939 621 simplici
969 537 1076 602 avidus
1103 558 1218 602 noxam
1240 538 1361 686 potitur

186 621 363 696 maditatis,
399 629 430 685 et
460 623 491 683 in
517 621 600 684 vario
631 622 807 689 moderatus
837 621 1015 705 digestionis
1044 622 1211 688 commodo
1253 622 1359 687 ruitur.

134 713 242 785 aaut,
265 705 402 792 inquies,
424 705 490 790 ipsa
513 705 715 771 inmoderatio
737 727 775 773 ex
798 706 936 772 ciborum
961 707 1104 772 varietate
1125 706 1269 772 nascitur
1290 706 1359 772 titil-

185 796 267 860 lsnte
294 792 364 876 gula
396 798 427 857 et
454 789 492 853 ad
525 791 673 856 sumenda
702 792 904 878 pluraquam
938 812 1061 857 neccsse
1087 800 1135 856 est
1162 800 1360 876 provocante

134 881 305 947 itllorsus
326 875 363 940 ad
386 895 518 959 eaquae
538 876 596 940 iam
622 876 684 940 dixi
706 878 855 955 revolvor,
875 875 1042 942 cruditates
1064 877 1102 941 de
1123 875 1219 941 modo
1241 898 1306 941 non
1324 877 1360 941 de

186 962 332 1050 qualitate
353 960 520 1046 provenire.
564 959 693 1026 Modum
715 982 787 1029 vero
806 970 908 1027 servat
928 962 981 1046 qui
1003 961 1051 1026 sui
1072 969 1181 1047 potens
1203 969 1309 1027 estet
1331 961 1360 1027 in

187 1068 291 1117 mensa
312 1045 413 1112 Sicula
436 1046 481 1111 vel
503 1044 632 1111 Asiana:
666 1046 787 1112 excedit
812 1047 980 1132 inpatiens,
1014 1046 1070 1112 etsi
1099 1046 1172 1111 solis
1194 1045 1287 1112 olivis
1308 1055 1362 1113 sut

186 1134 269 1199 olere
294 1138 442 1196 vescatur.
485 1130 527 1195 lit
548 1130 678 1197 tamilla
698 1131 851 1216 copiosus,
874 1132 899 1197 si
922 1131 1162 1198 moderationem
1180 1132 1295 1211 tenuit,
1313 1152 1359 1197 sa-

186 1217 289 1284 nitatis
311 1236 438 1299 compos
460 1223 521 1291 est,
542 1235 634 1300 quam
658 1216 782 1283 insanus
804 1217 839 1281 sst
859 1217 908 1281 ille
931 1217 979 1282 cui
1002 1237 1103 1281 merus
1124 1215 1168 1280 sal
1191 1216 1283 1283 ottus
1302 1225 1360 1295 est,

134 1303 211 1375 tesi
232 1301 291 1366 hoc
314 1300 413 1398 ipsum
435 1299 584 1365 voraciter
605 1299 756 1367 invaserit
801 1303 963 1367 Postremo
987 1301 1064 1365 siin
1085 1300 1133 1365 his
1155 1321 1240 1386 quae
1263 1301 1358 1369 sumi·

186 1408 255 1452 mus
275 1392 449 1451 varietatem
480 1382 602 1449 noxiam
654 1394 740 1464 utas,
775 1407 831 1453 eur
857 1387 1016 1472 potionum
1045 1385 1178 1451 remedia
1222 1406 1283 1450 uae
1306 1407 1359 1471 per

184 1492 219 1536 os
247 1469 388 1535 humanis
411 1469 576 1535 visceribus
600 1406 759 1539 inlunditis
786 1492 823 1539 es
845 1480 906 1536 tam
937 1471 1096 1535 contrariis
1121 1491 1158 1535 ac
1181 1406 1242 1536 adt
1267 1492 1359 1557 repu-

133 1555 346 1642 itlgnontibus
375 1553 469 1621 mista
492 1555 686 1640 conponitis'l
729 1556 809 1627 suco
837 1555 992 1642 papaveris
1021 1554 1193 1623 admiscetis
1222 1556 1358 1642 euphor-

253 1723 460 1792 masma

182 1806 333 1876 sarracon]
351 1807 396 1860 01.
413 1827 437 1860 c.
457 1812 483 1875 t,
503 1808 515 1877 ᾗ
534 1811 568 1859 21
585 1825 625 1877 sq,
651 1835 685 1849 -·
708 1826 762 1863 nos
779 1809 855 1862 ssodo
874 1808 1001 1861 edacitati
1018 1808 1171 1861 Pflnutte.
1206 1826 1262 1862 non
1281 1811 1359 1864 mods

186 1878 338 1929 edacitatis
361 1876 468 1943 leeg-lt.
504 1895 556 1926 non
582 1885 764 1963 perpetuae
792 1877 862 1926 eius
891 1877 1018 1928 edacitati
1047 1875 1075 1927 S.
1116 1894 1168 1928 non
1190 1886 1359 1945 perpetuo

184 1961 250 1996 essm
270 1945 398 1994 edacitati
412 1943 448 2003 (Α
466 1960 526 2008 sup.
546 1944 608 1994 add.
627 1945 654 1993 l.
673 1950 729 2004 nro)
748 1944 838 1994 verte.
867 1942 1014 2009 „Scriptus
1032 1952 1214 2011 perpetuae
1232 1947 1358 1996 edacita-

183 2012 232 2063 tie.
269 2009 426 2074 Fortassis,
450 2013 597 2145 perpetis
614 2011 767 2063 edacitatis
793 2019 823 2062 ut
844 2019 943 2065 noctem
961 2020 1091 2079 perpetem
1110 2012 1357 2065 plantaautem.

283 2081 317 2127 23
351 2080 453 2144 inquies
482 2079 524 2129 (il.
542 2096 564 2129 c.
583 2081 609 2138 4,
627 2081 642 2142 §
659 2083 700 2129 et.
722 2107 744 2116 -
767 2081 916 2130 moderatio
934 2079 961 2129 S.
984 2107 1008 2115 -
1029 2079 1065 2129 ad
1082 2079 1208 2129 sumenda
1226 2079 1252 2128 ll
1269 2095 1358 2132 oser.

182 2145 317 2197 ms-ut'.
352 2146 772 2213 assumendad(llsp.sn.).
809 2147 1103 2212 adassumendavp.
1140 2149 1357 2199 assumentes.

283 2216 324 2265 24.
353 2215 408 2265 iam
426 2215 493 2281 dias]
513 2217 529 2279 §
547 2217 590 2263 22.
609 2241 644 2251 —
665 2232 717 2265 aon
736 2214 865 2281 qualitate
884 2222 952 2272 torst.
970 2215 1015 2272 dc)
1034 2212 1064 2262 Α.
1086 2241 1121 2252 -
1142 2214 1251 2264 allodum
1269 2216 1357 2266 enirn

182 2279 287 2346 ἠδ’-3.
306 2308 339 2321 ·-
358 2284 452 2333 etiam
471 2285 498 2332 in
516 2299 536 2348 g
552 2282 579 2332 iu
597 2298 652 2347 mg.
672 2307 705 2319 —
724 2282 856 2334 etiamsi
873 2297 933 2346 v-g.
950 2306 982 2319 -
1000 2279 1093 2330 isolere
1111 2280 1186 2331 sss-lv.
1203 2308 1236 2318 -
1255 2283 1290 2334 [tr
1311 2291 1356 2334 tu·

181 2365 248 2399 nress
267 2347 350 2416 Str-g.
369 2376 400 2387 -
419 2350 616 2402 moderationes
636 2350 664 2398 Ρ.
683 2377 715 2386 -
737 2355 854 2399 eontra
874 2349 983 2398 insanas
1002 2364 1060 2413 v·g.
1079 2373 1114 2383 -
1138 2349 1258 2400 consess
1276 2350 1357 2415 (sap.

182 2413 200 2465 1
217 2416 259 2479 in)
276 2416 305 2465 Α.
408 2420 451 2466 25.
467 2418 602 2484 potionum
620 2417 747 2482 remedia]
765 2415 808 2467 (tl.
828 2415 902 2466 Plut.
920 2417 937 2466 Ι.
957 2431 981 2466 e.
1000 2441 1032 2453 ·-
1049 2415 1168 2466 remedio
1184 2415 1215 2465 P.
1234 2441 1267 2456 ···
1286 2434 1357 2483 puoe

178 2491 253 2550 post
271 2483 394 2537 humanis
411 2484 447 2537 ΙΙ.
469 2512 498 2519 -
524 2486 614 2535 mista
632 2500 693 2549 v-g.
794 2487 837 2532 26.
868 2483 1050 2534 admisceatis
1069 2483 1102 2532 tl.
1128 2509 1160 2521 -
1188 2488 1357 2537 monstrosis

214 2656 240 2701 et
264 2665 317 2701 nors
346 2646 432 2716 modo]
458 2645 530 2698 idem
562 2654 606 2698 est
634 2660 666 2699 aa
694 2663 740 2696 nec
790 2645 868 2697 seue
894 2645 926 2698 0.
950 2648 979 2710 1,
999 2653 1043 2713 10,
1062 2652 1101 2701 16.
1128 2653 1156 2701 et
1181 2649 1282 2703 Horat.
1299 2652 1352 2704 0d.

179 2723 292 2769 tentum
327 2714 381 2782 Qui
401 2714 547 2765 edacitatis
566 2712 741 2778 seripserunt
791 2713 842 2777 ΙΙΙ,
867 2718 888 2775 t,
912 2720 949 2768 te.
971 2717 1108 2768 Siculae
1125 2717 1217 2782 dapes,
1236 2725 1265 2769 et
1282 2735 1353 2784 quse

179 2783 310 2835 videntur
333 2783 409 2834 modo
437 2779 571 2832 lralsuisso
598 2798 648 2846 pso
673 2782 740 2832 suls·
790 2782 825 2834 sd
857 2783 938 2835 illurn
971 2785 1062 2835 lacurn
1091 2784 1188 2835 attulit
1216 2785 1352 2849 Oretum,

179 2850 314 2914 stsntivo,
330 2867 415 2916 assuta
433 2849 507 2901 inire
524 2850 540 2910 δ
555 2851 598 2899 23.
615 2849 739 2915 legatur:
791 2848 933 2914 inprisuis:
956 2853 1029 2903 Plat.
1049 2853 1082 2902 dc
1101 2868 1159 2916 rep.
1181 2853 1230 2915 lll,
1249 2870 1275 2919 p.
1292 2856 1351 2905 404.

180 2919 321 2971 dsrssdo
337 2934 392 2968 aaa
408 2917 441 2969 de
456 2917 592 2982 qualitate.
628 2916 738 2981 lloo‚si
793 2917 1017 2985 Συρακοσίαν
1035 2907 1207 2985 ὄὲ,ὦφ11ε,
1227 2914 1351 2983 rosiers-

178 2984 404 3049 sull’rngnrentus
436 2983 561 3046 codices,
600 3000 653 3048 ego
687 3001 740 3037 non
788 2983 852 3106 {aa
880 2985 926 3039 nal
959 2981 1144 3051 Σικελικὴν
1172 2983 1347 3036 ποικιλίαν

178 3067 351 3116 respuerem,
363 3049 491 3115 qsrasssvis
511 3049 538 3100 in
555 3052 648 3105 vestris
663 3054 739 3105 nsosto
811 3061 890 3120 ψου,
904 3047 940 3114 so‘g
957 3049 1057 3116 ἔοικας,
1073 3049 1124 3104 οὐκ
1137 3052 1228 3113 αἰνεῖς.
1238 3051 1346 3105 Essem.

177 3118 318 3170 edacitatis
337 3127 413 3168 esset
432 3118 609 3182 pleonasmus
626 3120 739 3187 quidam
788 3122 878 3186 ddag.
901 3122 936 3180 ll,
955 3125 980 3183 2,
1000 3126 1042 3171 68.

178 3185 262 3245 [cto
286 3186 350 3250 Μ
377 3186 445 3247 12),
470 3187 636 3250 praesertim
654 3206 738 3254 qusnu
823 3191 864 3240 oct
891 3188 1004 3254 Asiana]
1033 3187 1074 3237 Cl.
1102 3187 1162 3238 Liv.
1181 3185 1306 3249 xxxix,
1323 3192 1349 3249 o,

177 3251 349 3318 etiusn5‘28.
370 3254 481 3317 legatur
499 3263 523 3305 et
541 3257 665 3316 nemaei
685 3274 739 3308 narn
790 3263 814 3308 1.
854 3257 988 3307 Luxuriae
1015 3257 1176 3322 peregrinae
1209 3257 1286 3323 origo
1317 3256 1350 3305 ab

177 3320 269 3372 ruiusvs
288 3337 371 3385 quani
396 3321 448 3373 hoe
477 3321 537 3372 loco
564 3340 626 3374 esse
650 3325 740 3391 possit
789 3326 903 3376 exercita
923 3323 1071 3373 Asiatico
1090 3323 1192 3370 invecta
1212 3324 1239 3372 in
1262 3323 1349 3373 ssrbem

178 3396 203 3441 et
221 3407 273 3438 nan
293 3390 379 3439 modo.
789 3399 843 3450 est,
867 3397 894 3438 et
912 3391 928 3449 §
949 3393 972 3436 9.
1002 3386 1132 3450 Eprslue
1150 3404 1255 3450 prroqnc
1275 3391 1350 3454 ipsae

210 3460 253 3506 24.
289 3458 316 3508 in
334 3473 424 3507 mensa
445 3456 546 3521 Siersla]
577 3457 645 3518 „Est
665 3460 737 3524 epsvd
789 3465 814 3507 et
833 3471 896 3504 eura
923 3461 947 3503 et
968 3460 1072 3515 sumptu
1093 3453 1192 3499 maiore
1215 3456 1351 3517 adparari

178 3523 295 3576 Snidans
323 3517 484 3588 Erasistra}
507 3519 666 3586 τράπεζα·
695 3521 738 3575 ἐπὶ
788 3527 902 3584 coeptae·

177 3591 233 3642 eain
251 3587 324 3642 eroice
341 3591 496 3640 πολυτελῶν
518 3591 564 3642 nal
582 3590 737 3657 tpvpptds.
819 3585 895 3635 olivis
913 3590 959 3631 aut
977 3577 1054 3643 olere]
1071 3578 1112 3628 Gt.
1133 3577 1231 3655 llorist.
1250 3578 1304 3630 0d.
1325 3585 1349 3647 l,

178 3656 293 3709 {mutam
320 3667 349 3709 et
375 3658 520 3724 opiparam
545 3657 633 3708 tuisse
657 3661 737 3705 «locet
785 3652 828 3715 at,
847 3653 875 3699 16
893 3665 934 3713 sq.
956 3648 998 3697 Mc
1018 3653 1130 3713 pascunt
1155 3645 1279 3709 oliuae,
1303 3650 1351 3703 dle

177 3726 250 3791 opino
269 3727 442 3776 Athenaeum
467 3726 562 3791 [irumo
580 3723 651 3788 apud
669 3720 734 3773 Pol·
784 3717 933 3769 cichorea
953 3716 1071 3779 lenesque
1090 3714 1228 3764 malvae.

179 3794 269 3842 luceru
290 3794 324 3854 x,
345 3792 412 3857 tot]
439 3794 564 3843 Barbatus
589 3787 733 3839 ceruleus:
818 3783 937 3850 insanus]
956 3783 973 3834 i.
991 3799 1015 3832 c.
1033 3788 1176 3847 aegrsvtus.

180 3857 236 3909 Kal
271 3854 368 3909 πνικτὰ
406 3855 565 3910 Σικελικὰ
600 3847 734 3903 natdsssa
818 3855 861 3903 26.
899 3846 1291 3917 Sucopapaueris]Cl.Plirs.
1313 3850 1345 3901 N.

178 3920 355 3989 σωρεύματα,
377 3923 424 3975 salsi
444 3921 576 3978 nordana
596 3914 735 3987 ampsdpu-
786 3920 822 3972 ll.
842 3919 902 3981 llll,
922 3924 952 3969 18
970 3938 990 3969 a.
1011 3921 1052 3967 aa.
1083 3918 1267 3984 Papaveris
1285 3920 1347 3981 (svr-

177 4006 223 4054 ra,
243 3993 380 4054 quomode
398 4001 425 4043 nt
440 3994 587 4059 Searligero
605 3990 736 4039 ntnerns-
787 3995 851 4050 eus)
875 3991 969 4056 largus
988 3987 1113 4036 decusatur
1133 3986 1203 4036 etin
1224 3986 1348 4051 pastillos

178 4065 250 4121 lesus,
285 4059 462 4112 adusnlsrevit
496 4058 607 4111 (irrrenl.
641 4055 736 4122 [immo
787 4060 865 4109 tritus
883 4058 910 4106 in
928 4057 1018 4106 umbra
1039 4054 1165 4114 siccatur,
1188 4068 1240 4101 ssoss
1259 4053 1286 4101 oi
1303 4069 1346 4102 so-

177 4126 382 4181 Menaechmi.
398 4127 737 4193 t,26.]l’lnntus:'l'antes
786 4126 906 4190 porisera
924 4123 1014 4183 modo,
1041 4137 1143 4177 ansam,
1173 4120 1197 4169 si
1220 4119 1347 4185 copiosior

176 4198 287 4246 struices
305 4198 442 4247 concinnat
460 4196 622 4261 patinarias.
650 4193 738 4242 Porro
788 4192 925 4253 dassritur,
954 4191 1031 4241 etiam
1054 4189 1193 4249 mortifera
1210 4203 1258 4255 per
1277 4203 1345 4238 soss-

176 4262 308 4330 adagium
329 4280 344 4315 a
367 4263 540 4328 lliogessiuno
560 4265 738 4311 annotatum:
789 4277 852 4311 nos.-
869 4260 947 4325 opion
965 4263 1067 4308 occant.
1327 4318 1333 4326 ι

174 4322 220 4380 'Asi
255 4328 378 4382 Ardettos
410 4327 472 4393 aspi
500 4325 567 4386 τοὺς
599 4325 740 4390 κρατῆρας
825 4324 1005 4393 esrplvordium]
1033 4321 1074 4372 (il.
1104 4319 1177 4372 Plin.
1202 4318 1236 4371 N.
1255 4318 1290 4369 ΙΙ.
1314 4316 1344 4379 l,

177 4396 232 4446 nuc
256 4415 366 4464 qsraqne
391 4397 469 4448 isselt.
512 4395 582 4445 Nasu
611 4392 739 4444 lseoutinl
792 4398 815 4443 1.
835 4413 857 4443 s.
878 4397 898 4442 1.
917 4393 931 4455 §
952 4396 992 4442 16.
1017 4391 1124 4442 Similia
1142 4388 1263 4456 prodidit
1283 4384 1349 4466 plu.

176 4460 293 4515 Siciliae
327 4465 447 4531 populus
478 4464 551 4514 ost-‘⁸
581 4461 668 4513 l’orsr.
706 4487 739 4499 -
792 4460 887 4517 lsside
905 4460 1022 4520 Atlante,
1039 4464 1196 4525 predaque
1212 4452 1348 4523 gtgssds
