2812 5242
129 119 192 186 128
610 112 820 179 unuuouu

124 293 319 374 putaverant
374 284 453 352 Nam
480 283 518 349 de
545 281 691 347 Kalendis
720 280 820 349 Nonis
843 288 876 346 et
900 279 1008 346 idibus
1031 279 1133 367 deque
1158 285 1299 351 seriarum

125 373 215 440 variis
242 368 506 438 observationibus
534 367 711 432 innumeros
735 374 878 431 auctores
898 386 972 431 cura
1001 369 1189 452 quaestionis
1213 392 1297 436 exer-

122 459 206 524 euit:
238 465 272 522 et
296 455 366 520 ideo
393 475 450 518 nos
475 473 555 538 quae
580 452 619 517 do
644 451 693 517 his
721 451 760 517 ab
783 450 927 516 omnibus
950 451 1032 516 dicta
1056 455 1179 519 suntin
1201 477 1297 521 unum

95 543 256 614 5breviter
274 539 452 624 colligimus
496 538 657 614 Romulus,
677 556 750 602 cum
771 536 892 634 ingenio
914 537 976 601 acri
998 537 1120 622 quidem
1144 541 1196 605 sed
1214 562 1297 626 agre-

124 629 164 693 sti
185 636 299 692 statum
321 623 437 722 proprii
465 623 620 688 ordinaret
645 621 776 708 imperii,
810 621 929 686 mitium
953 622 1105 708 cuiusque
1128 626 1239 690 mensis
1261 649 1298 691 eu

95 714 176 783 bille
196 712 339 776 sumebat
359 710 409 774 dre
429 729 492 794 quo
516 729 624 773 novam
653 707 756 803 lpoam
778 707 957 792 contigisset
980 707 1083 773 rideri.
1134 711 1215 789 Quia
1237 733 1298 776 non

122 798 274 863 continuo
300 795 400 862 erenit
420 804 456 860 ut
475 794 584 859 eodem
604 793 654 859 die
673 813 793 879 semper
810 801 970 878 appareat,
993 793 1046 857 sod
1068 795 1161 860 modo
1184 797 1300 862 tardius

124 883 217 949 modo
238 881 368 948 celerius
388 901 428 945 ex
446 879 538 945 certis
561 878 661 944 causis
683 877 778 945 rideri
801 879 895 954 solet,
918 878 1046 962 contigit
1070 888 1120 957 ut,
1142 903 1213 946 curn
1236 892 1297 946 tar-

122 968 193 1033 dius
218 966 377 1054 apparuit,
411 963 606 1050 praecedenti
630 963 728 1029 mensi
753 963 854 1048 plures
881 963 962 1041 dies,
996 972 1049 1029 aut
1071 987 1140 1030 eum
1159 968 1298 1046 celerius,

123 1053 283 1141 pauciores
315 1052 474 1116 darentur:
506 1058 540 1115 et
567 1049 693 1134 singuiis
722 1049 897 1147 quibusque
932 1050 1086 1115 mensibus
1116 1062 1297 1137 perpetuam

122 1138 242 1204 numeri
271 1138 366 1221 legem
397 1135 513 1222 primus
540 1155 629 1200 casus
651 1134 777 1200 addixit
820 1134 873 1199 Src
898 1132 1081 1200 factumest
1110 1145 1145 1200 ut
1167 1138 1217 1202 alii
1242 1140 1296 1204 tri-

94 1225 204 1310 iginta
225 1230 258 1287 et
276 1240 374 1286 mum
397 1220 448 1286 alii
470 1219 673 1306 undetriginta
692 1219 877 1285 sortirentur
900 1219 974 1284 dies.
1019 1221 1173 1287 Omnibus
1194 1232 1297 1288 tanim

71 1308 296 1396 [arelmensibus
322 1327 360 1371 ex
386 1306 437 1372 die
458 1307 615 1373 Nonarum
645 1305 720 1372 idus
747 1326 830 1370 nono
854 1304 905 1369 die
927 1307 1146 1391 repraesentari
1168 1309 1295 1406 placuit:

117 1401 153 1458 et
170 1393 251 1458 inter
272 1391 347 1457 idus
368 1412 403 1457 uc
420 1412 455 1456 sc
499 1400 584 1457 entes
605 1390 760 1457 Kalendas
781 1390 984 1455 constitutum
1008 1401 1056 1457 est
1076 1393 1207 1458 sedecim
1230 1395 1295 1460 dies

118 1498 188 1544 esse
206 1477 421 1543 numerandos.
482 1477 540 1542 deo
560 1477 674 1541 mmsis
694 1475 817 1543 uberior
838 1475 917 1540 duos
940 1476 1007 1542 illos
1050 1477 1141 1543 urbus
1161 1480 1293 1564 augeba-

118 1571 172 1628 tur
189 1563 254 1629 dies
273 1562 353 1627 inter
373 1560 527 1627 Kalendas
550 1582 621 1627 suos
646 1568 680 1627 et
703 1563 806 1629 Nonas
830 1559 970 1626 babebat
1014 1497 1094 1627 liinc
1114 1564 1181 1629 aliis
1203 1564 1295 1650 quio-

91 1647 171 1715 8tus
188 1670 209 1714 a
229 1646 377 1714 Kalendis
393 1647 460 1713 dies
475 1647 543 1712 aliis
562 1646 710 1733 septimus
729 1648 835 1714 Nonas
855 1645 935 1712 lacit.
983 1646 1096 1713 Caesar
1117 1657 1237 1728 umen,
1258 1660 1295 1717 ut

117 1754 212 1820 siqua
229 1733 380 1811 diximus,
407 1740 488 1798 stata
510 1752 597 1798 sacra
618 1732 808 1810 custodiens,
839 1753 896 1797 nee
916 1731 948 1797 in
969 1732 1028 1798 illis
1049 1735 1204 1800 mensibus
1224 1737 1293 1821 qui·

118 1820 178 1885 bus
194 1820 284 1886 binos
307 1817 420 1885 adierit
440 1817 506 1885 dies
523 1816 664 1885 ordinem
686 1818 783 1884 voluit
802 1826 921 1883 mutare
939 1820 1108 1897 Nonarum,
1130 1820 1201 1905 quia
1223 1843 1292 1906 per-

116 1904 194 1970 actis
222 1905 318 1971 totius
346 1903 462 1970 mensis
491 1903 572 1970 leriia
602 1904 667 1970 dies
694 1923 770 1969 suos
799 1903 844 1969 rei
871 1904 992 1971 diuinae
1020 1912 1127 1970 cautus
1153 1905 1290 1972 inseruit.

87 1989 231 2056 ill'riscis
253 2010 327 2076 ergo
348 1989 549 2078 temporibus,
571 1999 736 2078 autequam
759 1987 828 2055 iusti
848 2010 866 2056 a
888 1990 945 2058 Gn.
967 1989 1071 2056 Flauio
1090 1990 1189 2058 scriba
1215 1992 1290 2058 inri-

185 2183 265 2253 [Mee.
284 2184 410 2239 ADGPS.

118 2298 148 2307 -
179 2271 345 2342 colligemur
366 2270 464 2322 vaur.
568 2275 591 2322 b.
627 2271 754 2323 Romulus
783 2272 864 2322 enim
891 2270 970 2322 s-bl'.
1073 2273 1098 2320 ti.
1128 2271 1191 2338 quio
1215 2286 1291 2322 occo

116 2338 174 2390 o-h.
194 2366 226 2378 -
244 2341 293 2393 aie
310 2340 451 2409 contingit
469 2343 512 2392 vl.
547 2340 777 2422 eiccootigitrl’s.
796 2367 826 2376 -
851 2336 1010 2390 adduxitS
1029 2354 1045 2389 a
1062 2355 1171 2389 seem.
1193 2367 1223 2376 -
1250 2342 1290 2390 Aa

114 2407 154 2458 aie
171 2406 205 2458 G.
310 2413 334 2459 t.
371 2407 497 2459 Omnibus
517 2408 583 2458 eibi
602 2423 634 2458 es
657 2409 701 2459 dae
722 2405 754 2457 Ρ.
785 2433 812 2444 -
843 2422 971 2458 naman
994 2405 1227 2459 ideetwnud
1253 2406 1289 2467 (Ρ

115 2479 212 2533 neon).
236 2499 270 2512 ·-
299 2475 343 2525 die
359 2473 697 2541 derepmecnturiliffl.
716 2473 773 2524 del.
791 2474 847 2533 de).
876 2501 903 2512 ·-
933 2482 963 2525 el
980 2474 1031 2525 cul.
1049 2483 1184 2540 requam·
1200 2473 1230 2525 S.
1256 2503 1289 2512 —

114 2541 172 2592 dier
188 2541 367 2591 damnandos
382 2545 454 2600 (om.
472 2546 541 2601 esee)
559 2540 591 2590 Ρ.
691 2544 719 2590 8.
743 2541 837 2606 supro]
855 2557 879 2589 c.
897 2543 937 2590 14.
952 2544 968 2603 §
982 2545 1007 2591 8.
1026 2567 1057 2579 -
1075 2550 1194 2593 statuto
1209 2540 1238 2592 S.
1255 2569 1289 2579 —

113 2607 164 2658 lie
185 2624 236 2658 ruo
254 2606 293 2656 rei
315 2606 424 2656 diuinae
448 2613 542 2657 cautus
568 2611 614 2666 [ut
636 2613 731 2656 tuetur
752 2605 907 2657 baberetur
932 2623 981 2671 pro
1008 2608 1186 2660 substantivo
1215 2609 1287 2675 quod

114 2673 305 2740 significaret:
325 2671 477 2738 „quidquid
496 2670 524 2721 in
540 2671 631 2722 rueris
643 2671 796 2722 urendum
814 2679 843 2721 el
861 2672 1009 2739 religionis
1027 2674 1121 2737 gratio
1142 2675 1287 2727 vitandum

113 2747 161 2791 aut
179 2739 362 2790 omittendum
382 2743 485 2800 esset“‚
503 2739 557 2789 rid.
572 2741 655 2802 519.)
674 2737 794 2789 coniecit
811 2737 925 2804 Lipsiae
944 2740 1064 2789 Elector.
1075 2740 1096 2801 Ι,
1106 2745 1148 2790 21.
1168 2742 1194 2791 id
1214 2745 1286 2808 quod

113 2806 220 2875 placuit
236 2807 372 2870 Pontauo,
389 2807 438 2858 sed
457 2806 608 2860 refutatum
626 2813 669 2859 eet
685 2805 865 2858 aGronovio.
967 2810 993 2857 9.
1023 2807 1073 2857 Ga.
1087 2813 1157 2868 (om.
1176 2815 1208 2869 a)
1228 2811 1286 2861 AG.

146 2984 170 3032 4.
197 2984 411 3052 scripturaruum
427 2984 588 3053 quaestionis
599 3000 673 3036 eser·
724 2997 804 3033 suum
821 2979 896 3034 diem
915 2981 952 3034 iia
969 2980 1113 3045 constitui,
1131 2999 1185 3048 quo
1203 2983 1284 3049 qenai

109 3049 177 3117 cuit]
203 3049 221 3101 i.
241 3068 265 3102 e.
283 3059 414 3105 auctores
432 3053 544 3104 curiose
562 3051 673 3119 quaesi·
722 3049 863 3102 adornent.

114 3126 222 3171 uerunt.
756 3118 868 3169 wdecim
893 3117 950 3168 dies
992 3116 1036 3169 Gi.
1061 3134 1086 3167 c.
1112 3121 1153 3170 13.
1178 3120 1237 3182 56.
1256 3127 1285 3171 ct

145 3184 307 3254 colligimus]
336 3184 394 3238 Non
420 3186 584 3254 negaverim
613 3203 673 3238 nro·
722 3184 854 3237 Mueller.
874 3185 933 3236 Etr.
965 3184 987 3236 Ι.
1006 3204 1032 3252 p.
1050 3190 1111 3236 321.

112 3252 170 3304 ltu·
199 3270 230 3304 se
259 3253 365 3305 bobeta
396 3255 521 3306 irrtrrrum
552 3263 671 3323 tempus.
755 3256 851 3306 mensio
868 3253 981 3321 uberior]
1001 3254 1018 3304 i.
1031 3271 1054 3304 e.
1072 3253 1176 3305 rnensir
1191 3254 1283 3319 quivis

109 3319 165 3373 Sed
185 3320 252 3372 libri
273 3338 340 3373 ruse.
360 3323 555 3375 demonstrare
574 3323 671 3375 riden-
721 3321 837 3373 uberior·
861 3322 906 3374 rel
928 3339 1025 3374 ornnes
1043 3338 1152 3373 menses
1171 3323 1283 3374 uberio-

111 3394 158 3439 tur·
181 3396 209 3440 et
230 3388 285 3439 boc
312 3390 374 3440 loce
400 3399 429 3442 et
453 3391 541 3456 infra,
572 3391 619 3443 ubi
643 3391 671 3443 io
724 3405 777 3440 res.

109 3456 172 3508 edd.
196 3457 358 3510 inseruntur
375 3458 532 3524 particulae
554 3460 622 3511 rein
644 3467 673 3511 et
755 3462 782 3506 8.
819 3456 966 3522 dissonos]
986 3455 1211 3523 „Quibnuauxit
1230 3473 1281 3509 un·

108 3523 671 3594 aero,enaroriaindiligentiamobolti·
720 3539 802 3588 nura,
831 3541 894 3575 curu
912 3541 976 3576 eum
996 3541 1029 3575 ex
1049 3524 1140 3576 lunuri
1158 3525 1281 3576 solarem

108 3600 209 3659 postea
226 3609 288 3645 eece
306 3603 471 3646 correctam.
721 3592 859 3644 iaceret.“
871 3592 963 3643 Goon.
975 3618 1009 3631 -
1020 3594 1064 3645 (ll.
1082 3609 1106 3643 c.
1122 3595 1159 3643 ld.
1173 3594 1221 3658 §a
1240 3595 1281 3644 lo-

143 3664 169 3711 6.
204 3679 235 3712 er
254 3662 331 3713 certia
350 3663 449 3732 cauria]
469 3662 670 3714 lluciortasee
719 3677 779 3712 curn
807 3661 925 3711 dicbus
949 3661 1088 3712 aduenis
1106 3662 1190 3727 serit,
1218 3664 1280 3725 εἰς

110 3727 233 3793 pertinet
259 3730 330 3796 quod
357 3731 391 3782 de
409 3732 476 3783 luna
499 3730 569 3782 dicit
597 3729 670 3780 Lura·
722 3732 763 3778 12
778 3746 878 3780 nouos
896 3728 976 3779 dica.

109 3801 180 3846 rent.
200 3796 267 3863 Lyd.
291 3798 347 3860 ΙΙΙ,
370 3804 409 3850 ¹l.=
434 3794 581 3864 Ὀξυτέραν
607 3794 670 3864 γὰρ,
754 3798 793 3847 rci
820 3797 929 3846 diuinae
956 3793 1061 3860 cautus]
1088 3795 1171 3858 „lloc
1198 3795 1280 3846 modo

109 3854 146 3921 (ὃς
163 3857 344 3930 Ἀριστοτέλης
369 3866 450 3934 φησὶ,
478 3869 596 3917 ποιεῖται
619 3860 670 3931 τὴν
719 3863 910 3929 prospiciens,
941 3879 974 3912 ne
996 3878 1050 3926 que
1072 3860 1100 3912 in
1129 3880 1159 3913 re
1184 3864 1280 3916 dirior

109 3929 224 3992 πορείαν
241 3925 292 3995 τὴν
308 3929 380 4014 πρὸς
395 3934 433 4006 τῷ
448 3933 588 4004 χειμερινῷ
604 3949 669 4000 τρο·
719 3931 838 3981 offensio
857 3930 945 3979 licrot
985 3932 1087 3981 Cautus
1104 3931 1143 3980 roi
1161 3933 1280 3993 diuinae,

106 3994 397 4114 {eugippipudurrpuv
421 3997 452 4053 δὲ
470 3997 522 4069 τὴν
539 3996 609 4067 πρὸς
630 3999 668 4051 τῶ
720 4007 750 4049 ut
765 4001 861 4064 selice·
880 3997 1013 4062 studiique
1033 3998 1136 4064 locique
1153 4006 1181 4048 et
1200 4001 1279 4050 sintri-

131 4076 220 4130 aprvqr,

106 4129 216 4196 prptvqi.
251 4130 306 4182 Sed
328 4134 394 4185 ride
420 4154 454 4187 ne
477 4121 668 4204 etiam'cogi·
720 4134 1276 4199 Gaon.-Cornparur·erinrpotius:Cic.

107 4195 221 4249 tondum
248 4198 287 4251 uit
312 4201 347 4252 de
371 4205 451 4256 eaelo
476 4204 596 4257 nubibus
618 4204 669 4255 ob-
718 4201 1005 4265 ll.u.1l‚ua‚se.:
1040 4204 1144 4253 Natura
1164 4218 1276 4266 ..pro-

107 4265 190 4314 ieclo·
717 4271 798 4321 cido
825 4271 1013 4322 utilitatum
1039 4270 1274 4336 opportunita-

137 4333 248 4411 prinus]
269 4334 389 4402 positum
408 4337 598 4391 conoeidetur
616 4353 667 4404 pro
716 4345 839 4404 tumque
869 4339 1025 4400 omnium,
1059 4346 1088 4386 or
1114 4335 1182 4385 Tac.
1204 4334 1273 4383 don.

102 4411 201 4463 mimo.
716 4404 767 4468 lv,
784 4410 828 4457 ³8.
856 4406 972 4458 Rerum
997 4410 1179 4456 uestrarum
1205 4418 1275 4467 pro-

137 4469 161 4515 Ι.
196 4472 400 4539 repraesentari]
419 4472 437 4525 l.
453 4489 480 4524 a·
498 4471 665 4539 conputari,
716 4474 835 4527 uiden.

312 4060 319 4082 t
426 4062 433 4084 t
651 4055 657 4071 ¹
1260 4069 1278 4094 gg

1262 4152 1268 4165 Ι

250 4065 341 4131 μαλην
359 4064 388 4118 di
404 4085 455 4135 την
469 4063 539 4135 πρὸς
554 4068 593 4120 τῶ
608 4065 669 4134 loq-
719 4065 767 4116 lia.
805 4066 865 4116 vid.
892 4065 988 4115 cadero
1016 4081 1077 4129 cup.
1107 4069 1144 4116 li.
1170 4068 1198 4131 [§
1220 4067 1257 4132 8.]

684 4650 690 4655 .
714 4636 756 4655 Δ.
