2812 5242
192 120 234 182 44
665 114 874 181 Macuoun

192 294 276 351 ercto
298 284 427 350 inditum
450 283 666 360 Praetextatus,
686 285 727 349 ob
750 284 870 349 tacendi
894 283 1102 370 loquendique
1122 287 1152 349 in
1173 296 1361 372 praetextata

140 376 290 441 tilaetate
309 370 509 455 prudentiam.
559 369 626 431 lloe
650 377 884 453 cognomentum
910 377 1015 453 postea
1033 369 1163 434 familiae
1185 382 1305 436 nostrae
1328 374 1360 437 in

191 477 303 521 nomen
330 454 436 518 haesit.
489 454 560 518 Non
585 452 672 516 aliter
701 453 773 518 dicti
799 453 974 538 Scipiones,
1005 455 1063 519 nisi
1091 458 1174 541 quod
1199 457 1360 522 Cornelius

192 541 244 624 qui
272 539 483 624 cognominem
509 544 623 621 patrem
647 537 812 603 luminibus
839 546 990 604 carentem
1018 560 1074 624 pro
1102 541 1212 606 bacuio
1237 543 1361 625 regebat

193 625 296 709 Scipio
329 622 560 707 cognominatus
590 643 703 686 nomen
734 644 771 687 ex
800 623 983 708 cognomine
1015 626 1146 773 posteris
1179 626 1276 690 dedit:
1316 628 1360 690 sie

192 709 322 775 Messala
349 717 434 783 tuus,
465 706 597 782 aviene,
631 706 730 771 dietus
750 729 767 771 a
786 718 990 792 cognomento
1044 709 1126 774 alerii
1148 709 1274 774 Maximi
1298 712 1349 794 qui

193 802 354 879 postquam
384 793 556 855 Messanam
581 791 687 855 urbem
715 792 836 857 Siciliae
858 793 1077 858 nobilissimam
1103 795 1196 881 oepit,
1230 794 1360 859 Messala

139 880 180 943 Ἠ
192 878 423 962 cognominatus
447 884 502 940 est
544 877 609 943 Nec
629 876 738 940 mirum
760 879 786 942 si
808 899 844 942 ex
865 878 1098 963 cognominibus
1118 888 1187 943 nata
1210 890 1284 943 sunt
1304 901 1359 944 no-

192 964 283 1039 mina,
305 983 375 1026 cum
398 969 502 1025 contra
521 968 552 1023 et
572 961 752 1044 cognomina
773 983 810 1026 cx
826 964 959 1061 propriis
980 963 1041 1027 sint
1059 972 1154 1028 tracta
1173 964 1360 1040 nominibus,

140 1048 227 1114 aaut
249 1049 287 1112 ab
313 1045 444 1112 llemilio
468 1045 671 1122 Aemilianus,
704 1067 721 1110 a
749 1046 876 1113 Servilio
906 1047 1098 1113 Seruilianus.
1149 1048 1208 1112 ilie
1230 1049 1362 1114 subiecit

190 1132 361 1197 Eusebius:
381 1130 511 1195 Messala
534 1138 565 1193 ct
585 1130 703 1214 Scipio,
724 1131 800 1196 alter
821 1133 859 1197 de
881 1132 1001 1218 pietate,
1026 1134 1064 1198 de
1084 1133 1196 1197 virtute
1218 1133 1302 1209 alter,
1324 1142 1361 1197 ut

191 1216 298 1293 relers,
320 1215 500 1300 cognomina
523 1224 731 1299 reppererunt.
769 1217 829 1282 Sed
852 1217 988 1304 Scropba
1009 1225 1040 1281 et
1059 1218 1170 1295 Asina,
1192 1237 1271 1303 quae
1287 1217 1359 1282 airis

191 1324 254 1367 non
279 1300 483 1366 mediocribus
509 1309 710 1384 cognomenta
737 1310 823 1378 sunt,
854 1302 926 1367 solo
949 1303 1032 1367 dicas
1060 1302 1142 1367 unde
1169 1302 1359 1387 contigerint,

139 1387 260 1453 aueum
295 1385 497 1450 contumeliae
531 1405 623 1469 quam
653 1385 762 1450 honori
810 1387 932 1472 ropiora
958 1386 1126 1452 videantur.
1182 1389 1260 1451 Tum
1291 1387 1357 1451 ille:

190 1473 252 1538 Nec
274 1470 373 1536 bonor
394 1491 450 1535 nee
471 1468 580 1534 iniuria
603 1470 657 1535 sed
679 1491 767 1535 casus
787 1408 858 1536 llseit
877 1472 952 1537 baec
973 1472 1105 1537 nomina.
1144 1471 1221 1537 Nam
1244 1471 1358 1536 lisinae

190 1563 427 1640 cognomentum
451 1553 601 1620 Corneliis
629 1554 733 1620 datum
762 1563 824 1634 est,
858 1557 1002 1642 quoniam
1031 1557 1170 1643 princeps
1197 1555 1357 1621 Comeiiae

190 1641 288 1725 gentis
310 1647 412 1725 empto
434 1638 529 1703 iundo
553 1660 608 1705 scu
632 1639 693 1704 iilia
716 1639 786 1705 data
808 1642 935 1718 marito,
968 1662 1037 1706 eum
1065 1660 1228 1728 sponsores
1254 1642 1293 1705 ab
1318 1662 1355 1706 eo

138 1744 197 1807 {aaa
208 1725 393 1790 sollemniter
409 1732 618 1810 poscerentur,
647 1725 761 1788 asinam
787 1746 856 1790 cum
879 1727 1025 1812 pecuniae
1046 1747 1140 1791 onere
1160 1725 1304 1810 produxit
1326 1725 1356 1789 in

137 1811 180 1876 30
202 1832 308 1886 orum,
339 1810 426 1894 quasi
445 1830 501 1894 pro
522 1809 721 1893 sponsoribus
747 1829 889 1894 praesens
934 1811 1030 1895 ignus.
1082 1810 1261 1875 Tremellius
1283 1830 1355 1874 aero

190 1895 326 1981 Scropba
349 1894 583 1978 cognominatus
604 1902 651 1959 est
671 1902 781 1960 eventu
801 1895 863 1959 tali.
905 1833 1132 1960 llTremcliius
1151 1916 1221 1960 cum
1244 1893 1354 1959 lamiiia

254 2081 335 2150 [uu.
355 2079 482 2135 sacas.

95 2186 99 2190 ·
184 2173 245 2218 tata
262 2166 359 2233 rii-gb.
379 2165 480 2228 „Hanc
496 2162 644 2216 lectionem
663 2167 693 2216 et
708 2181 808 2217 scasas
826 2164 898 2217 ratio
912 2165 1037 2220 etGeliii
1059 2161 1353 2230 editionisqaecoion.

184 2233 338 2315 auctoritas
349 2231 524 2284 confirmat.“
534 2232 619 2284 Zeun.
645 2233 872 2300 praetextaMss.
893 2242 1055 2302 praetextae
1068 2250 1122 2314 s-a5
1143 2302 1149 2314 ι
1191 2235 1234 2282 26.
1253 2248 1353 2301 eogno-

184 2300 515 2435 attaminet
546 2305 842 2420 stetistis
861 2302 1354 2432 esnibttttteibttstl

184 2436 329 2503 propriam
345 2453 444 2488 nomen
461 2434 588 2487 familiae
604 2434 659 2486 luit
677 2434 704 2486 ia
725 2435 885 2501 republica,
903 2444 935 2487 ιιι
952 2437 1092 2488 Aemilius:
1116 2451 1205 2500 neque
1223 2450 1241 2486 ι
1260 2433 1353 2484 Seruio

187 2503 362 2553 Seruilianus.
397 2502 476 2553 Nihil
499 2508 618 2567 atroque
642 2500 751 2553 laisins.
786 2503 821 2554 Et
839 2510 933 2554 tamen
950 2504 1095 2569 volgatum
1114 2500 1237 2553 occurrit
1255 2500 1283 2551 in
1301 2501 1352 2552 liis.

185 2574 214 2620 et
234 2569 296 2619 edd.
331 2568 363 2618 ln
382 2569 444 2619 sola
463 2566 528 2618 anni
554 2571 628 2618 root.
652 2583 790 2633 anonymo
815 2569 945 2635 praeside
967 2569 1079 2619 invenio
1095 2587 1112 2620 a
1133 2569 1261 2631 Seruilio,
1279 2568 1352 2633 qaod

184 2636 283 2701 procul
311 2634 396 2686 dnbio
424 2635 553 2685 verum.“
579 2633 663 2684 Grau.
713 2635 851 2697 „Seruilio
878 2650 940 2686 esse
967 2636 1118 2702 legendum
1146 2635 1210 2702 ipss
1236 2635 1352 2703 liuguae

184 2701 317 2769 analogia
335 2701 425 2753 docet.
461 2698 571 2751 Etenim
589 2714 606 2749 a
624 2700 715 2750 Servio
734 2700 818 2751 debet
836 2701 977 2766 proticisci
993 2705 1148 2765 Seruianae,
1167 2702 1239 2768 qnod
1257 2709 1352 2754 satem

184 2769 219 2819 ab
238 2769 293 2819 irae
311 2769 373 2820 loeo
392 2773 421 2820 et
435 2766 558 2818 historia
574 2771 617 2818 est
632 2766 787 2820 alienans.“
807 2769 892 2820 Zeun.
965 2774 1009 2820 28.
1034 2777 1230 2839 cognomenta
1245 2786 1351 2838 reperc-

183 2843 246 2887 runt
269 2834 334 2904 elrg.
361 2862 394 2874 -
423 2835 573 2904 propriora
597 2832 722 2901 ipa-ult
825 2838 868 2888 29.
898 2838 989 2905 gentis
1014 2840 1126 2891 comella
1145 2837 1205 2888 BG.
1308 2838 1352 2886 80.

216 3007 261 3054 26.
303 3000 448 3068 cometiae]
480 3003 542 3068 Qua
570 3001 622 3053 ilie
656 3001 742 3055 luerit
790 3003 833 3055 ait
849 3018 881 3053 ar
902 3019 969 3056 uera
987 3003 1050 3057 ideo
1065 3004 1158 3072 potios
1175 3004 1231 3056 boe
1249 3018 1350 3054 nomen

182 3077 290 3135 aetate,
322 3088 375 3122 non
406 3069 503 3136 liquet.
553 3070 664 3121 Primus
693 3070 740 3136 qui
791 3019 931 3123 Messalae
964 3072 1125 3139 impositum
1158 3088 1237 3136 asse,
1276 3072 1349 3137 quod

182 3139 311 3189 nobiscn
334 3137 409 3189 nitus
427 3136 466 3188 sit
482 3136 631 3188 Cornelius
645 3136 740 3203 Scipio
792 3140 948 3191 Messanam
979 3155 996 3192 a
1030 3140 1131 3192 Poenis
1165 3145 1194 3191 et
1227 3137 1350 3189 Hierone

182 3221 208 3256 a.
225 3223 250 3256 ιι.
269 3156 427 3256 ccicbvl.
451 3205 549 3257 consui
572 3203 741 3256 riciiEtru-
790 3207 918 3258 discessa
943 3208 992 3273 Ap.
1015 3207 1129 3258 Claudii
1155 3205 1250 3259 acrias
1279 3206 1350 3256 inle-
1390 3208 1396 3224 “

183 3289 255 3323 scos.
752 3307 756 3315 ·
790 3280 891 3325 statam
911 3273 972 3326 illis
989 3274 1126 3326 submotis
1148 3275 1202 3327 boc
1223 3274 1349 3326 reconci-

218 3339 336 3391 Meosoia
366 3337 436 3405 tuus]
465 3337 591 3390 Persona
620 3336 741 3390 tortasse
790 3342 861 3393 listo
878 3341 1038 3393 liberasset.

180 3407 248 3459 ficta
265 3406 301 3457 ati
323 3405 522 3457 introducenda
542 3421 576 3457 en
599 3421 671 3472 quae
696 3423 741 3456 se·
824 3414 866 3459 at.
900 3409 954 3459 sint
981 3408 1079 3474 tracta]
1109 3407 1128 3461 i.
1157 3424 1182 3460 e.
1212 3404 1348 3459 derivata.

181 3479 304 3543 quantur
321 3472 394 3535 (vid.
412 3479 468 3524 aot.
485 3473 519 3524 sd
537 3472 561 3537 1,
578 3476 605 3537 8,
627 3476 688 3533 toa.
790 3473 887 3526 Facile
910 3481 987 3540 patet
1009 3476 1082 3527 banc
1106 3492 1164 3527 rem
1184 3490 1247 3525 cam
1270 3480 1348 3526 ante·

219 3542 320 3594 Valerii
339 3541 462 3660 Maaimp]
480 3541 518 3591 lii.
533 3539 662 3593 Valerius
679 3539 740 3592 Ma·
790 3541 899 3594 cedenti
921 3542 964 3593 rix
984 3560 1066 3609 posse
1083 3542 1255 3608 comparari,
1285 3558 1347 3591 cunr

179 3608 419 3664 ximusilorrinns
465 3607 740 3661 essaiaeoasulluii
790 3609 852 3661 illic
881 3625 1035 3675 cognomen
1065 3610 1156 3675 ipsum
1187 3607 1292 3659 abierit
1320 3607 1347 3657 in

179 3694 204 3730 ι.
224 3696 251 3729 a.
269 3697 293 3731 c.
316 3675 489 3736 ccccxci,
514 3693 596 3742 qoem
615 3674 737 3726 Zennius
787 3694 897 3738 nomen,
914 3677 962 3729 bic
979 3695 995 3729 e
1013 3677 1124 3729 nomiae
1141 3675 1298 3729 derivatam
1310 3673 1349 3725 sit

179 3746 326 3799 contundit
341 3762 403 3797 eum
422 3744 460 3796 M.
480 3743 593 3797 Valerio
615 3743 739 3794 Messala
788 3761 952 3812 cognomen.

178 3812 230 3864 iiio
259 3814 308 3878 qni
338 3811 451 3864 biennio
481 3818 544 3879 post
573 3810 737 3863 Ciceronem
822 3832 839 3864 a
862 3810 985 3877 Scroiis'o]
1013 3809 1120 3871 Servio,
1148 3809 1221 3874 qrrnd
1250 3816 1293 3861 est
1318 3808 1345 3859 in

178 3879 359 3930 iaitconsul.
394 3877 736 3931 casamassancia
787 3880 930 3948 plerisque
950 3877 1031 3931 libris
1050 3893 1130 3936 mse,
1164 3893 1216 3926 non
1237 3877 1292 3928 nisi
1312 3877 1347 3928 ii·

180 3949 223 4007 it,
234 3948 261 3994 b.
284 3948 355 3996 Sane
373 3954 398 3998 ct
413 3947 461 3997 lioe
478 3948 514 3997 acl
527 3964 580 3998 rem
595 3946 736 4013 pertineat,
786 3947 943 4000 braciorum
964 3942 1089 3995 incuriae
1108 3943 1219 3994 ridetur
1239 3944 1345 3996 deberi.

179 4013 249 4078 quod
273 4013 430 4064 Valerius
453 4014 614 4065 Corvinus
634 4013 737 4079 primus
819 4019 864 4067 29.
899 4015 999 4066 Asinae
1023 4020 1224 4078 cognomentum
1251 4014 1347 4063 Corne-

182 4079 332 4130 Mearanam
352 4080 427 4143 eicit,
450 4087 474 4130 et
490 4082 637 4146 primates
648 4079 736 4143 sami·
786 4083 830 4133 liis
856 4084 947 4134 datum
974 4086 1012 4129 est
1041 4076 1104 4144 cet]
1135 4079 1212 4131 llaec
1240 4095 1256 4129 a
1285 4080 1346 4129 solo

178 4146 217 4196 lia
244 4145 408 4197 Valeriorum
435 4146 509 4198 urbis
533 4155 627 4215 captae
655 4147 682 4196 in
709 4162 736 4196 se
785 4149 930 4202 Macrobio
947 4144 1101 4198 momoriae
1119 4153 1184 4196 sunt
1202 4145 1322 4211 prodita.

178 4214 309 4264 translato
334 4214 438 4264 nomine
460 4214 614 4267 Messana
640 4213 734 4279 appel·
820 4220 862 4267 ³0.
894 4211 1022 4282 Scroplsa]
1040 4212 1151 4275 „Aliam
1169 4210 1344 4277 aequelepl-

178 4282 250 4333 latus
267 4288 314 4341 est,
327 4281 512 4349 paulatimque
527 4284 610 4401 vulgo
626 4296 734 4348 permu-
785 4283 847 4334 dum
857 4283 942 4335 buius
953 4280 1129 4348 cognominis
1141 4294 1253 4331 ceresam
1269 4294 1344 4327 com·

177 4356 251 4400 tonte
277 4350 369 4402 literas
398 4349 547 4402 Messala
590 4351 658 4401 ictus
688 4356 734 4398 est.
784 4352 1016 4403 memoraii'arro
1033 4350 1066 4400 dc
1082 4345 1246 4402 Β.Ιι.11,ι.
1272 4344 1344 4394 Trc-

175 4413 280 4467 centra
316 4414 528 4469 Freinshemius
562 4414 661 4481 Sappi.
697 4415 733 4466 ad
784 4418 912 4469 meiiinm
938 4418 1012 4470 enim
1041 4415 1082 4466 ait
1107 4418 1284 4481 quaestorem
1316 4412 1343 4463 in

175 4480 236 4534 bis.
258 4482 393 4546 xi'1,at.
417 4484 494 4551 ipsas
519 4501 564 4537 res
590 4482 734 4535 evidenter
785 4484 950 4541 Macedonia
966 4502 984 4538 a
1000 4488 1129 4549 praetore
1148 4477 1293 4545 relictum,
1314 4488 1344 4533 ut
