2812 5242
290 441 649 514 saruunauoltuu
678 440 755 509 ult.
779 445 803 508 Ι.
830 444 921 512 CAP.
944 446 984 512 X.
1190 446 1231 512 tt

52 616 189 684 tumulia
214 616 400 702 deputatur,
430 633 500 680 cum
532 613 663 699 primum
689 612 822 679 Satumo
848 616 961 700 paritor
992 625 1023 682 ot
1047 617 1109 703 Opi
1141 618 1233 686 luerit

52 704 220 789 ascriptus
273 702 361 766 Hanc
385 709 488 766 autam
516 699 603 764 dcam
626 699 728 784 Opem
754 700 877 764 Satumi
906 700 997 767 conia
1019 724 1067 768 cm
1095 705 1283 774 credide-19

53 799 143 866 runt,
183 796 217 852 at
247 787 318 852 idco
348 786 407 850 hoc
439 805 544 850 mensa
574 785 745 850 Satumalia
773 785 910 871 itemquo
936 724 1046 873 Opalia
1076 790 1231 869 celebrari,

54 874 145 961 quod
169 874 321 938 Saturnus
344 872 474 956 eiusquo
494 890 573 936 uxor
596 879 657 935 tam
687 869 807 955 lrugum
832 890 924 956 quam
951 872 1103 939 inremum
1129 895 1230 961 roper-

55 971 148 1024 torcs
172 980 235 1022 assa
263 959 441 1022 credantur:
476 957 581 1041 itaque
610 956 694 1020 omni
721 956 780 1020 iam
809 958 872 1020 letu
892 978 1035 1042 agrorum
1062 970 1169 1027 coacto
1192 965 1231 1028 ah

58 1044 237 1109 hominihus
267 1045 324 1108 hos
357 1045 431 1106 deos
461 1043 519 1106 ooli
550 1041 637 1127 quasi
669 1041 749 1105 vitae
778 1043 916 1106 cultioris
945 1054 1102 1109 auctores:
1151 1048 1283 1133 quos20

59 1133 155 1195 ctiam
175 1131 326 1194 nonnullis
348 1129 463 1193 caelum
486 1148 521 1192 ac
541 1136 651 1192 terram
672 1147 739 1191 csso
757 1148 934 1212 persuasum
956 1138 1012 1206 est,
1034 1132 1282 1219 Summum-124³]

62 1239 121 1301 que
145 1236 162 1278 a
187 1224 255 1278 satu
279 1216 408 1290 dictum,
443 1214 531 1277 cuius
553 1233 644 1277 rausa
667 1212 704 1276 de
726 1212 810 1277 caelo
833 1223 892 1290 est,
929 1223 960 1278 et
981 1224 1092 1281 terram
1120 1218 1232 1303 Opem,

61 1304 149 1366 cuius
174 1321 234 1385 ope
258 1299 410 1364 humanae
434 1298 515 1363 ritae
535 1298 677 1362 alimenta
697 1308 902 1382 quaeruntur,
933 1300 979 1364 vol
1003 1302 1041 1366 ah
1065 1322 1157 1387 opere
1180 1325 1235 1390 per

62 1388 144 1472 qnod
169 1387 288 1450 tructus
311 1384 473 1469 frugesque
492 1392 667 1448 nascuntur.
711 1384 792 1448 lluic
816 1383 891 1448 deae
909 1385 1049 1452 sedentes
1069 1395 1139 1453 rota
1160 1393 1281 1458 con-21

62 1473 189 1557 cipiunt,
209 1480 385 1554 terramque
402 1471 440 1535 de
461 1469 609 1534 industria
629 1476 768 1552 tangunt,
787 1470 1029 1536 demonstrantes
1049 1472 1146 1557 ipsam
1168 1496 1232 1539 ma·

61 1569 135 1621 trem
164 1567 279 1621 terram
310 1576 377 1619 csso
404 1555 584 1620 mortalibus
610 1555 821 1640 adpetendam.
872 1555 1076 1623 Philochorus
1098 1560 1284 1630 Satum022

61 1654 89 1707 ct
112 1643 177 1728 Opi
203 1642 336 1726 numum
358 1641 389 1705 in
409 1641 511 1704 Attica
534 1640 677 1705 statuisse
695 1660 776 1704 aram
800 1640 967 1727 Cecropem
990 1643 1082 1721 dicit,
1116 1666 1232 1731 eosque

61 1729 133 1793 deos
158 1748 216 1814 pro
247 1729 320 1791 lore
348 1735 491 1811 terraque
517 1725 658 1801 eoluisso,
678 1725 908 1825 instituisscque
927 1735 964 1791 ut
983 1737 1083 1814 patres
1105 1730 1232 1796 lamilia-

61 1835 128 1878 rum
148 1823 180 1879 et
197 1812 336 1897 frugibus
353 1820 384 1876 et
402 1812 550 1876 lmctibus
573 1811 632 1875 iam
654 1811 768 1876 coactis
790 1832 902 1897 passim
924 1834 993 1876 cum
1015 1816 1110 1880 serris
1130 1837 1232 1882 vesce-

61 1910 166 1964 rentur
198 1919 269 1963 cum
298 1897 410 1982 quihus
434 1897 609 1983 patientiam
632 1894 744 1961 laboris
770 1896 802 1960 ia
837 1898 965 1963 colando
990 1919 1061 1964 rura
1086 1902 1232 1967 tolerare·

61 1995 141 2048 rant:
168 1983 315 2048 delectari
342 1982 422 2047 enim
450 1983 540 2047 doum
563 1982 681 2047 honora
707 2001 863 2047 sartonam
883 1985 1092 2069 contemplatu
1111 1987 1233 2051 laboris.

64 2071 142 2134 llinc
161 2080 207 2134 cst
232 2069 318 2154 quod
342 2090 379 2132 ex
401 2068 541 2133 instituto
563 2067 722 2153 peregrino
742 2067 814 2131 huic
835 2068 893 2133 deo
914 2089 1033 2133 sacrum
1057 2080 1162 2155 operto
1184 2093 1233 2136 aa·

859 2237 928 2289 itta.
952 2236 1166 2309 vieahgapdah]

68 2324 127 2385 rel,
143 2330 176 2373 nt
194 2322 224 2373 in
240 2319 484 2388 orthographicis
503 2312 681 2372 scribendum
701 2320 839 2388 pmecipit
856 2321 953 2374 Velius
973 2322 1100 2392 Longus,
1119 2326 1233 2378 comisa-

68 2389 184 2441 hantus'l
216 2390 305 2456 Super
324 2398 385 2440 tota
404 2406 472 2439 socc
493 2389 533 2441 ita
554 2389 670 2439 Festus:
704 2391 863 2452 Cosas'satia,
891 2390 993 2457 inquit,
1023 2410 1040 2444 a
1060 2394 1140 2459 airis,
1169 2410 1234 2460 quos

71 2459 169 2508 Graeci
185 2454 290 2524 ιόμους
308 2460 410 2518 dicunt,
429 2458 595 2524 appellatur.-
611 2457 705 2524 quidam
721 2460 749 2508 in
767 2459 832 2510 locis
849 2460 899 2509 alii
917 2461 986 2511 alios
1002 2464 1133 2512 convictus
1151 2478 1235 2513 causa

64 2527 224 2578 incitabant.
260 2526 381 2577 Glaesac
398 2524 516 2576 listinae
534 2526 703 2588 comisatum,
731 2519 776 2575 tut
793 2525 898 2590 uaiuov3
926 2528 1028 2578 Graeci
1044 2529 1137 2594 κῶμον
1152 2531 1233 2580 cami·

64 2602 167 2653 satiras,
184 2595 331 2645 caminatis.
370 2592 575 2658 Aristophanes
592 2592 677 2644 Plato
695 2595 805 2657 (1040).
823 2590 893 2645 iosus
910 2587 980 2646 d'irrl
995 2596 1088 2660 κῶμον
1105 2596 1234 2664 βαδίζειν,

63 2663 138 2726 quod
162 2661 205 2710 ita
228 2668 351 2723 aestuat,
375 2663 481 2714 uidetur
497 2663 533 2712 ad
553 2661 681 2711 lasciuum
703 2662 851 2712 convivium
874 2663 941 2712 irc.“
966 2663 1046 2714 Post.
1087 2665 1166 2727 „Nun
1192 2672 1236 2718 cst

63 2728 140 2793 quod
159 2728 195 2778 da
214 2728 297 2778 rerba
312 2730 516 2780 clamitabantur
532 2728 723 2780 dubitemus.“
736 2729 821 2779 Zcun.
848 2728 908 2779 Vid.
925 2737 979 2781 aot.
999 2756 1029 2770 ·-
1051 2733 1169 2785 Saturni
1180 2751 1233 2799 pa·

64 2798 133 2847 riter
151 2812 179 2845 s·
287 2799 325 2846 19.
354 2798 406 2848 ian
424 2798 496 2848 amni
508 2799 572 2861 satu
591 2797 627 2849 G.
726 2799 769 2846 20.
798 2802 827 2848 st
846 2804 943 2848 terram
961 2797 1043 2866 Sug.
1067 2827 1099 2838 -
1120 2818 1234 2868 pasua-

65 2882 125 2914 sum
144 2879 216 2914 esse
234 2862 266 2913 Β.
363 2867 407 2914 ul.
439 2872 468 2915 et
487 2865 573 2930 ipsam
590 2864 648 2915 Η).
677 2891 708 2901 -
737 2871 833 2915 terram
852 2874 962 2917 matrem
979 2884 1034 2918 esse
1053 2868 1085 2919 G.
1122 2878 1235 2920 matrem

65 2948 124 2982 essa
141 2939 238 2982 terram
258 2931 314 2982 s-lr·
332 2957 365 2970 -
382 2948 400 2983 a
418 2930 618 2985 monstrauit.
720 2934 763 2982 22.
784 2933 906 2985 instituta
924 2937 993 3000 (om.
1009 2940 1055 2996 ea)
1072 2935 1092 2986 S
1110 2936 1152 2996 (G
1171 2936 1235 2988 add.

66 3098 242 3149 referendam
277 3115 340 3150 cass
374 3116 426 3149 nnn
459 3099 626 3167 putaverim,
677 3097 731 3163 opi
756 3099 850 3150 elatum
876 3117 938 3150 csse
962 3102 1065 3154 dicitur
1090 3105 1193 3169 111,9,
1210 3107 1236 3156 d.

67 3183 147 3229 quam
166 3165 265 3217 Livias
282 3167 300 3218 l.
320 3184 345 3218 c.
364 3168 451 3218 dicat:
481 3169 563 3220 diem
588 3186 626 3221 aa
676 3166 838 3216 Viti-ellam
859 3165 1148 3233 hillae-1252.

66 3242 187 3284 noctem
208 3236 362 3298 stomatasm,
376 3245 405 3286 ct
421 3235 562 3288 Martialis
578 3236 626 3301 lll,
710 3234 789 3300 quasi
807 3235 879 3285 uitae
897 3235 1017 3287 cultioris
1035 3238 1165 3303 auctores]
1191 3238 1236 3291 01.

66 3304 132 3360 1,.1.
157 3302 281 3354 Clamant
299 3304 436 3355 eaccmei:
455 3305 489 3356 la
509 3306 625 3357 Satur·
677 3318 700 3352 c.
720 3307 744 3350 1.
770 3303 786 3364 S
808 3304 850 3351 2⁴.
877 3304 955 3370 quasi
978 3304 1067 3356 vitas
1091 3307 1237 3358 metiaris

66 3369 159 3419 nalia
180 3386 281 3420 uersus.
677 3376 821 3421 auctorem.

99 3438 144 3528 aui
157 3438 214 3487 dics
232 3455 302 3488 nuuc
325 3437 454 3504 Opalihus
473 3472 496 3487 ..
515 3438 627 3506 deputa-

65 3509 117 3569 tur]
144 3503 188 3554 01.
207 3503 293 3556 Varro
316 3502 347 3554 L.
369 3503 398 3554 1..
423 3503 472 3566 1Ἰ,
489 3508 515 3556 a.
536 3517 549 3570 ς
569 3510 627 3556 22:

67 3570 228 3621 Saturnalia
251 3572 324 3623 dicta
342 3572 376 3622 ah
396 3572 525 3635 Saturna,
556 3575 627 3641 quad

66 3655 95 3687 co
113 3639 157 3688 slis
169 3641 259 3699 seriae
274 3641 345 3699 cius,
364 3646 393 3689 ut
409 3649 469 3708 past
488 3643 556 3692 diem
573 3649 626 3693 ter·

66 3705 130 3754 tiurs
152 3706 277 3772 Opalia
296 3707 368 3773 Opis.

101 3775 141 3823 tu.
181 3773 263 3840 Opem
284 3774 397 3824 Satumi
412 3772 561 3840 coniugam]
581 3773 625 3824 01.

66 3839 153 3890 l'arrs
175 3839 205 3890 b.
223 3839 253 3891 la.
277 3842 313 3903 V,
331 3847 369 3891 10,
389 3843 405 3904 ς
424 3845 466 3890 ht.
493 3843 627 3908 Principes

65 3909 108 3959 dei
130 3909 239 3959 metm
262 3917 288 3958 st
314 3910 404 3959 Terra.
437 3910 473 3959 lii
494 3908 537 3959 dci
557 3910 627 3959 idest

65 3977 111 4041 qui
129 3978 248 4042 Aegypti
268 3978 378 4042 Serapis
397 3984 422 4028 ct
438 3978 488 4026 isis
504 4013 528 4026 ..
554 3978 627 4028 idem

63 4043 197 4109 prinsipes
226 4043 254 4093 in
288 4044 368 4096 Latio
396 4046 566 4096 Saturnus
596 4050 627 4096 et

68 4110 139 4177 Ops.
181 4108 283 4160 Fusius
310 4127 354 4176 aa.
380 4111 460 4163 Paul.
483 4111 532 4163 lih.
551 4110 628 4175 11111,

66 4195 92 4244 ρ.
111 4182 171 4227 181.
189 4177 287 4228 Muell.
312 4180 392 4246 Opis
408 4179 481 4230 diota
498 4187 537 4231 ast
554 4197 627 4230 cass·

65 4246 122 4295 iss
143 4246 285 4296 Saturni
308 4263 356 4313 per
382 4263 461 4313 auam
489 4249 628 4299 caumas

65 4312 629 4449 iffadii'fiahhissnugmdilr¹3:2⁰3

65 4454 95 4496 et
116 4447 266 4498 Saturni.
287 4446 422 4499 lllsuscn.
441 4449 506 4500 Aen.
526 4466 551 4514 a.
568 4452 629 4500 sal.

66 4512 190 4565 anains
211 4517 321 4567 contest
337 4514 491 4569 Garamum
514 4518 548 4567 rls
573 4521 630 4568 aat.

65 4582 141 4632 door.
160 4586 177 4632 6
195 4588 224 4633 ct
241 4587 265 4634 7.

96 4657 154 4700 tarra
165 4651 281 4718 frugum
295 4666 377 4716 qaam
389 4652 525 4713 fructuum
540 4666 630 4718 reper-

66 4717 145 4783 tores]
170 4716 214 4767 01.
241 4733 265 4767 c.
288 4722 315 4766 7.
340 4716 353 4781 d
374 4720 408 4767 24
426 4735 483 4784 ιφ,
501 4717 549 4768 uhi
570 4716 628 4768 rid.

710 3440 753 3486 20.
792 3440 987 3503 Saturnumque
1004 3454 1021 3487 a
1043 3447 1105 3491 satu
1130 3439 1238 3500 dictum,

676 3505 752 3555 cuius
771 3521 853 3555 causa
870 3505 903 3555 da
920 3507 992 3557 caelo
1009 3504 1057 3572 est]
1076 3507 1121 3557 01.
1139 3524 1161 3557 c.
1179 3507 1205 3556 8.
1223 3505 1237 3571 i

677 3573 702 3620 a.
719 3577 747 3623 ct
763 3570 863 3622 drach.
884 3571 970 3636 1t,o.
991 3574 1135 3626 Saturnum
1155 3590 1238 3642 prae-

677 3639 759 3690 sidem
793 3639 895 3690 eativis.
944 3638 1061 3692 Sorrina
1095 3643 1129 3693 arl
1161 3641 1239 3708 l'irg.

677 3705 781 3773 Georg.
801 3706 827 3768 l,
846 3710 889 3756 21.
913 3707 1000 3759 rclsrt
1017 3725 1032 3759 a
1052 3709 1161 3761 satione
1179 3709 1239 3759 elic-

677 3779 734 3824 tum
755 3791 817 3824 csso
838 3775 957 3825 Satorcm
976 3775 1067 3826 deum.

678 3838 1240 3975 ct'ttttt‘.;·.‘ittttt.tt“:t‘ttl

679 3993 757 4027 mano
775 3976 869 4042 generi
887 3982 957 4026 terra
975 3976 1076 4026 trihuit.
1140 3973 1241 4040 oppius

680 4046 714 4094 ad
749 4040 880 4092 hlnrtian.
913 4040 936 4093 l.
970 4045 987 4103 S
1021 4045 1063 4091 12.
1096 4039 1242 4093 adnotavit

681 4109 770 4176 Orph.
802 4109 904 4176 llymn.
935 4107 1016 4171 lllll,
1046 4112 1084 4161 ll.
1119 4103 1241 4176 Εἰρήνην

679 4172 837 4244 κατάγουσα
856 4171 907 4227 σὺν
923 4169 1047 4243 additium
1061 4169 1206 4228 κτεάτεσσι.

713 4249 756 4296 21.
790 4252 939 4311 terramque
963 4244 996 4295 ds
1018 4245 1151 4297 industria
1177 4253 1240 4297 tars-

677 4311 758 4382 gunt]
778 4312 822 4363 01.
840 4311 891 4376 111,
909 4316 941 4375 9,
962 4315 1001 4362 12.
1025 4314 1088 4365 Cum
1110 4312 1240 4364 Tellurem
1306 4368 1313 4382 .

679 4383 744 4434 dicit
762 4381 883 4432 manitus
898 4388 1025 4432 terram
1045 4381 1170 4449 tangit.

711 4452 754 4499 22.
790 4450 817 4499 ia
836 4449 937 4514 Attica]
958 4448 1001 4499 01.
1022 4450 1180 4514 111137.

713 4524 742 4569 ut
764 4524 856 4584 patras
880 4517 1051 4581 familiarum
1082 4551 1108 4567 ..
1140 4513 1242 4580 passim

679 4600 735 4635 cum
754 4585 836 4635 seruis
853 4584 1028 4648 vescerentur]
1057 4581 1101 4632 01.
1119 4596 1143 4631 o.
1164 4583 1204 4629 ll.
1226 4574 1242 4644 1

680 4655 703 4702 1.
725 4653 793 4717 Cap.
811 4655 853 4702 24.
876 4653 889 4716 ᾗ
913 4654 955 4700 2³.
982 4648 1125 4716 religiosae
1148 4647 1243 4697 domus

678 4718 810 4770 dicuntur
822 4720 918 4787 prius
928 4717 1050 4781 famulas
1067 4713 1180 4783 dapidus
1192 4712 1242 4766 lra-

65 4789 123 4835 sat.
176 4782 217 4835 st
258 4781 467 4851 agriculturam
507 4782 632 4852 pastinat
678 4803 783 4840 narare.

65 4851 151 4904 ettam
177 4866 340 4922 mgnum
368 4850 522 4918 Maias,
556 4850 629 4920 qaasl

713 4851 891 4922 msc-ptus
913 4847 1022 4917 tatem]
1045 4846 1090 4903 01.
1115 4862 1138 4899 c.
1160 4848 1201 4897 tt.
1224 4844 1242 4910 ς
