2812 5242
164 116 229 181 alu
636 107 847 174 Macuomr

166 285 235 372 qelsr
260 294 362 348 coacto
385 283 533 356 coalmm't,
562 301 676 344 necesse
704 288 746 343 ert
767 297 826 365 per
847 277 1090 362 evaporationem
1110 277 1192 342 celest
1219 278 1356 364 eaepmmr'

169 393 208 435 aa
232 392 266 434 aa
293 388 401 432 auram
426 367 508 430 illam
533 365 752 440 tenuissimam,
779 384 838 449 qam
859 361 1024 426 discedente
1045 363 1208 428 mwenc'm
1228 364 1265 426 irs
1285 385 1350 427 cao-

166 454 271 540 qulam
295 453 359 516 solo
391 462 488 514 terreo
517 451 551 512 ire
580 472 610 514 ce
636 459 805 514 reomnente
833 458 955 511 natura.
1000 446 1185 524 (laoditiae
1213 459 1349 533 apparet,

169 539 257 624 quia,
288 559 355 600 com
376 536 470 618 suet
498 533 598 598 eodan
622 556 701 620 aqua
727 532 799 598 solis
824 532 922 595 calore
943 533 1088 608 resoluta,
1115 533 1221 596 minor
1246 533 1350 596 moder

170 625 234 686 erbe
261 621 414 706 reperitur
438 640 528 706 quom
554 621 615 703 sarit
641 631 799 704 antequam
827 617 1054 701 conqelosceret:
1076 616 1155 704 deest
1182 616 1267 703 quod
1286 640 1350 681 eoo·

119 710 161 776 st
165 707 289 793 paratio
315 704 411 769 salum
438 707 470 768 in
492 725 571 788 aqna
592 703 712 767 scindre
731 702 920 786 consumpsit
965 701 1023 766 Nix
1046 721 1134 784 ergo,
1168 720 1254 784 quae
1277 701 1351 765 nibil

171 788 253 854 aliud
275 796 322 852 est
344 808 436 884 quam
454 807 533 871 aqua
557 786 588 850 in
611 807 681 852 aere
703 787 837 861 denseta,
857 783 1036 849 tenuitatem
1059 784 1124 861 sui,
1145 805 1218 850 cum
1242 784 1349 850 dense

171 881 274 949 retur,
305 872 423 947 amisit,
453 880 484 936 et
505 871 575 935 ideo
601 891 637 935 en
660 871 726 937 eius
748 870 901 936 resolutae
924 876 1000 955 potu
1022 869 1141 936 diverse
1166 870 1349 935 morborum

120 961 282 1043 tllgenera
304 956 471 1020 visceribus
499 956 731 1020 inseminantur.
776 954 974 1022 Nominatum
1006 955 1076 1039 gelu
1108 953 1238 1031 veteris,
1271 976 1350 1040 quae

171 1064 221 1108 me
241 1042 361 1106 solebat
382 1041 505 1125 agitare,
525 1041 698 1105 ammonuit
717 1039 924 1127 quaestionis,
945 1060 1001 1104 cur
1019 1039 1087 1103 rina
1105 1045 1160 1103 aut
1180 1059 1350 1125 numquam

171 1135 226 1192 eut
249 1134 385 1190 rarenter
410 1126 623 1209 congelascent
652 1125 761 1189 ceteris
788 1144 825 1188 ex
849 1144 957 1208 magna
983 1132 1068 1209 parte
1095 1122 1281 1189 humoribus
1305 1125 1349 1190 ni·

173 1211 299 1279 mistatc
325 1209 445 1307 lriqoris
468 1209 536 1294 cogi
565 1209 681 1273 solitis?
725 1210 806 1275 Num
832 1209 905 1294 quia
927 1209 1029 1273 vinum
1058 1208 1174 1272 semina
1197 1209 1350 1292 quaedem

174 1295 205 1360 in
230 1315 263 1359 se
283 1295 392 1359 caloris
415 1295 506 1358 babet
526 1296 567 1378 (et
589 1296 629 1359 ob
652 1315 718 1358 eam
740 1314 804 1358 rem
828 1295 981 1358 Homerus
1002 1292 1078 1357 dixit
1097 1293 1224 1357 αἴθοπα
1246 1288 1350 1373 οἶνον,

122 1399 265 1461 rmernon,
281 1388 318 1443 ut
336 1379 459 1462 quidam
484 1387 602 1463 putant,
621 1387 747 1464 propter
763 1378 919 1463 colorem),
939 1399 978 1442 an
998 1378 1055 1441 alie
1076 1376 1239 1462 quaepiam
1259 1399 1350 1444 ceum

119 1464 241 1530 seat?
276 1482 367 1546 quam
393 1461 465 1546 quia
494 1463 619 1546 ignoro,
653 1463 731 1528 sciro
751 1462 851 1549 cupio.
895 1462 945 1527 nd
972 1461 1046 1526 haec
1070 1449 1228 1526 Diserius:
1262 1464 1348 1540 Esto,

172 1547 241 1612 rina
263 1546 393 1610 naturali
415 1547 595 1611 muniantur
615 1548 730 1612 miore:
756 1567 796 1612 ne
814 1547 916 1611 oleum
935 1546 1037 1611 minus
1059 1546 1187 1631 ignitum
1211 1554 1276 1624 est,
1297 1557 1350 1613 eut

172 1630 321 1695 minorem
346 1631 406 1696 rim
433 1632 463 1695 in
492 1632 673 1718 corporibus
699 1630 912 1697 caloiactendis
940 1631 1051 1696 habet?
1089 1640 1122 1696 et
1146 1639 1252 1695 temen
1278 1633 1351 1717 gelu

172 1714 340 1800 stringitur.
385 1717 477 1783 Certe
502 1717 526 1780 si
554 1726 644 1802 putas
670 1736 704 1781 ea
733 1736 813 1802 quae
837 1715 982 1780 calidiora
1008 1723 1081 1780 sunt
1100 1715 1255 1781 difficilius
1276 1739 1350 1783 oon·

193 1796 338 1875 elasoere,
360 1821 529 1881 congruens
551 1809 617 1866 erat
637 1823 693 1866 neo
713 1801 815 1866 oleum
837 1820 1033 1865 concrescere
1055 1808 1086 1865 et
1106 1821 1140 1864 en
1164 1821 1245 1899 quae
1268 1802 1351 1888 lrigi-

172 1821 258 1949 iiora
280 1893 353 1949 sunt
371 1884 457 1949 laeile
475 1885 545 1969 gelu
565 1885 647 1969 cogi:
683 1892 804 1950 acetum
825 1892 927 1950 autem
945 1885 1083 1950 omnium
1107 1906 1238 1950 maxime
1257 1886 1350 1986 lriqo-

122 1966 292 2033 dbrificum
317 1976 376 2045 ost,
405 1978 498 2054 atque
522 1969 550 2033 id
575 1979 676 2035 tamen
698 1991 867 2055 numquam
890 1970 960 2054 gelu
981 1970 1148 2056 stringitur.
1191 1972 1273 2036 Num
1295 1973 1349 2058 rgi-

172 2057 225 2117 tur
243 2052 339 2139 magis
360 2053 429 2119 oleo
450 2074 542 2119 eausa
565 2063 611 2119 est
636 2054 754 2140 coaguli
779 2055 933 2120 celerioris
968 2054 1058 2142 quod,
1081 2064 1112 2121 et
1139 2054 1299 2141 levigatius
1320 2065 1353 2124 et

242 2236 323 2309 [diss.
343 2239 446 2293 arsit.

173 2321 365 2377 descendente
378 2323 518 2390 auriens
531 2324 566 2442 (ὅ
581 2322 609 2376 ln
623 2341 680 2390 mg.
694 2324 865 2391 discedente).
881 2351 916 2364 -
932 2341 980 2376 eoo
1005 2325 1087 2376 olane
1102 2324 1133 2377 Ρ.
1145 2352 1180 2366 -
1195 2326 1260 2378 sctis
1276 2341 1351 2393 aqna

173 2387 210 2439 ri.
240 2417 267 2427 -
295 2390 413 2443 seesima
430 2392 510 2445 s·lsl’.
560 2393 798 2456 [9500017.
832 2393 967 2445 related
998 2391 1079 2457 Sr·g.
1096 2418 1132 2430 -
1149 2394 1352 2462 congelascent
1377 2447 1383 2455 ,

172 2454 204 2505 P.
236 2482 262 2493 -·
295 2457 367 2508 deest
392 2466 498 2511 natare
522 2458 601 2511 s-bl’.
704 2463 746 2510 91.
776 2458 886 2513 denseta
912 2459 995 2511 lle-s.
1024 2458 1066 2511 Gt.
1085 2458 1191 2511 Comus.
1210 2461 1238 2524 l,
1256 2464 1350 2524 Η.

173 2522 296 2573 densata
315 2523 462 2590 Ass-gbl!
487 2552 519 2565 -
547 2527 700 2576 densaretur
718 2527 739 2578 Α
756 2542 774 2578 e
792 2543 819 2591 p.
838 2544 891 2590 rn.;
910 2527 994 2579 ns-c.
1029 2528 1195 2579 densaretur
1213 2529 1233 2578 Α
1252 2543 1270 2579 e
1289 2545 1351 2581 see.

173 2604 225 2647 rna
247 2588 352 2653 s-gbl’.
388 2591 621 2644 condemnaretur
646 2592 675 2644 S.
777 2597 823 2645 28·
853 2610 900 2645 aar
922 2595 986 2645 cina
1006 2594 1070 2658 cet]
1097 2594 1141 2645 Gt.
1164 2595 1239 2645 Gall.
1262 2593 1350 2647 N.d.

172 2653 264 2718 XW,
282 2659 414 2722 ⁸2⁸qu
451 2684 482 2696 -
507 2667 627 2712 rarenter
641 2659 953 2713 attenuaverint.
986 2676 1056 2712 rara
1074 2658 1196 2713 semels.
1231 2678 1298 2712 rara
1316 2662 1350 2713 B.

171 2746 205 2759 -
238 2723 420 2790 congelarent
441 2724 474 2775 ll.
504 2753 538 2765 -
566 2727 688 2778 damaris
712 2726 846 2795 Sia-gul
867 2729 996 2785 enoria).
1026 2753 1058 2764 -
1087 2726 1228 2790 Homeros]
1255 2728 1288 2777 ΙΙ.
1318 2725 1351 2794 ri,

172 2790 232 2839 462.
250 2791 287 2840 sl.
304 2818 337 2828 -
355 2791 578 2845 erOvorrron
598 2793 633 2844 ll.
669 2793 847 2846 arboretam
862 2793 892 2844 d.
926 2809 979 2843 am.
997 2790 1026 2841 S.
1046 2817 1079 2829 -
1102 2791 1226 2840 colorans
1244 2790 1273 2841 S.

206 2859 248 2908 29.
275 2874 308 2908 na
325 2858 409 2910 eleana
427 2858 506 2911 ΑΒΗ.
542 2877 613 2911 narn
632 2863 717 2912 elsarn
736 2858 805 2911 ud.
820 2860 852 2911 P·
871 2885 903 2898 -
924 2857 1127 2921 calefaciendis
1145 2855 1173 2905 S.
1194 2881 1222 2893 -
1242 2873 1290 2905 can
1314 2874 1347 2908 c-

173 2923 416 2990 lesccre(snp.a)
438 2928 762 2979 d.-conerassesesrs
777 2925 938 2992 hginmg.
1038 2925 1081 2971 30.
1103 2922 1277 2990 Ncn‘igitar
1319 2929 1349 2977 6.

175 3016 202 3027 -
223 2990 278 3041 0120
295 2993 384 3060 magis
402 3009 463 3062 r-g.
478 3021 514 3033 -
531 2996 677 3063 levigatus
701 3001 726 3047 ct
747 2993 856 3061 spiren
869 2996 938 3052 [om.
956 2987 1049 3057 priore
1066 2995 1105 3050 et)
1123 2988 1151 3040 S.
1167 3017 1198 3027 -
1215 2990 1350 3045 levatiora

205 3163 234 3212 in
251 3161 289 3230 sa]
313 3163 466 3218 Dicendum
485 3172 547 3220 arnt
570 3169 598 3220 in
615 3183 656 3220 ee.
690 3163 734 3218 (il.
819 3172 844 3218 et
862 3165 893 3217 ab
911 3181 969 3216 can
987 3180 1042 3216 rens
1062 3164 1192 3216 Hornerem
1213 3164 1282 3216 dicit
1301 3164 1350 3217 ccl-

174 3227 261 3292 Vl,i‚
281 3234 306 3281 1.
326 3248 393 3297 qaae
410 3233 444 3283 in
462 3251 494 3284 ee
516 3239 609 3301 refusa
630 3240 699 3285 sent.
784 3232 866 3285 dona
893 3226 982 3299 oleos]
1008 3231 1176 3295 „Rationem
1198 3231 1287 3283 Gellii
1314 3233 1350 3284 da

206 3296 281 3364 qaia]
301 3297 360 3348 Vid.
380 3305 436 3352 not.
454 3303 488 3351 nd
503 3302 735 3365 cnmm.l‚d,ll².
785 3309 887 3352 natare
903 3299 960 3351 sini
981 3298 991 3350 i
1015 3299 1074 3351 nita
1092 3315 1141 3351 seu
1160 3298 1253 3350 aalide
1272 3307 1350 3352 recte

205 3365 249 3414 27.
284 3367 481 3449 tenuitatem]
500 3369 543 3421 οῐ.
564 3372 637 3433 Silo.
656 3384 735 3421 arna·
786 3367 896 3419 Errant.
919 3367 954 3417 ed
1010 3383 1064 3418 orn.
1093 3366 1127 3417 ll.
1151 3360 1184 3430 ri,
1209 3368 1271 3416 462.
1301 3381 1349 3417 ar-

171 3430 289 3484 ritadine
319 3434 364 3486 sai
395 3440 423 3486 at
454 3436 511 3487 rell.
544 3437 675 3504 prolegg.
706 3452 734 3503 p.
785 3436 947 3500 gelationes
976 3432 1058 3494 dicit,
1095 3432 1162 3499 quia
1194 3439 1276 3499 poete
1305 3431 1350 3484 al-

172 3511 265 3549 xnnrn.
783 3502 865 3555 aena
877 3494 954 3551 oleae
968 3508 1048 3551 rorat
1066 3516 1082 3552 e
1100 3500 1193 3550 colora
1205 3499 1349 3561 anteriori,

203 3568 245 3613 Ἃ
280 3566 410 3632 rarenter]
429 3567 589 3620 Macrobioe
611 3567 734 3636 sumpsit
785 3570 855 3619 bane
880 3567 1050 3618 coloratumc
1078 3567 1151 3633 qaod
1173 3565 1212 3618 sit
1234 3566 1348 3634 signnm

170 3628 205 3680 da
242 3630 336 3683 Gellio
376 3634 395 3685 l.
425 3651 449 3684 c.
503 3634 544 3686 uo
578 3651 608 3686 re
638 3636 734 3686 conla—
784 3635 850 3688 baal
867 3633 955 3691 riai.“
979 3634 1064 3686 Zaon.

169 3711 218 3748 res
249 3698 382 3752 Alexand.
419 3700 558 3753 Problam.
594 3701 677 3768 plays.
711 3701 734 3762 l,
818 3706 863 3753 2⁹.
896 3718 930 3753 ns
947 3701 1033 3753 oleern
1052 3701 1140 3752 mines
1162 3700 1279 3767 ignitam
1297 3699 1348 3767 eet]

172 3766 231 3814 lar.
263 3766 337 3818 Ptin.
356 3767 386 3817 lli.
406 3767 442 3817 ll.
462 3768 535 3831 xlv,
552 3772 596 3829 tl,
615 3785 638 3818 s.
656 3767 733 3834 2t,§
784 3768 834 3821 Sic
857 3767 961 3835 scripsi
983 3785 1016 3819 an
1039 3766 1208 3819 auctoritate
1230 3766 1351 3818 maioris

172 3833 230 3880 182
262 3833 341 3882 Circa
358 3835 440 3900 Alpes
460 3835 559 3903 ligneis
579 3835 652 3887 assia
670 3852 733 3886 con·
785 3834 913 3887 collirem
937 3833 1062 3898 numeri,
1079 3840 1207 3885 statuens
1230 3850 1264 3885 ne
1283 3849 1349 3886 asse

169 3897 237 3946 dant
277 3899 432 3966 circulisqoe
474 3902 605 3969 cingunt,
653 3908 733 3968 atque
782 3902 951 3970 perticulam
988 3916 1059 3967 qnae
1093 3901 1179 3966 vulgo
1211 3900 1349 3952 scribitur

169 3963 249 4012 etiam
267 3962 351 4015 bieme
366 3967 461 4032 gelida
484 3969 592 4036 ignibus
614 3969 730 4037 rigorem
781 3987 842 4030 naa,
861 3970 896 4020 de
915 3984 969 4035 qun
984 3968 1039 4020 rial.
1059 3967 1108 4019 lib.
1122 3968 1145 4029 l,
1163 3967 1251 4033 anal.
1268 3968 1350 4039 w„

169 4034 267 4080 arcent.
304 4029 401 4082 Mirum
419 4033 502 4099 dicto,
523 4037 568 4085 sed
586 4035 731 4102 aliqnando
781 4042 810 4087 ot
827 4035 882 4088 nae
901 4035 1056 4096 sententia,
1075 4034 1210 4087 leanioam
1230 4033 1349 4098 dixeris,

168 4097 269 4148 ainans.-
287 4098 376 4162 criptis
394 4100 466 4150 oncis
484 4108 577 4153 stetere
594 4103 732 4170 glaciatae
781 4102 856 4155 nibil
877 4102 955 4154 alind
979 4101 1036 4154 dici
1060 4118 1144 4167 quem
1166 4101 1239 4168 qaod
1259 4103 1349 4169 volgo

168 4165 265 4228 nsclae,
294 4165 421 4234 prodigii
445 4167 538 4230 moda,
575 4169 729 4236 qusniam
781 4169 950 4237 exprimitur
962 4169 1199 4237 interrogatione:
1217 4186 1348 4222 nem...

168 4232 241 4282 cini
257 4239 382 4285 natera
400 4250 461 4283 nan
478 4234 640 4301 gelascit,
659 4234 731 4287 alins
780 4238 898 4307 ignitum
919 4235 977 4288 est?

168 4299 205 4347 ad
225 4300 316 4366 trigon
330 4307 437 4367 stupens
455 4309 567 4354 tantuna.
814 4313 918 4357 acetum
936 4339 961 4356 ..
977 4302 1155 4371 frigorificum
1174 4299 1221 4368 est]
1249 4299 1293 4352 Gi.
1321 4317 1347 4354 c.

201 4365 338 4418 nimietate
385 4367 458 4418 idam
487 4368 563 4420 relat
588 4383 622 4422 ac
651 4369 728 4421 cebe-
780 4373 807 4435 a,
825 4373 841 4434 ς
861 4375 903 4422 ta.
922 4375 951 4422 et
970 4369 1026 4420 rid.
1043 4369 1172 4435 prolagg.
1193 4386 1219 4434 p.
1238 4383 1321 4420 narra.

167 4431 276 4480 mentia.
312 4431 355 4483 0.
375 4449 399 4485 a.
417 4438 443 4497 6,
459 4435 476 4499 s
493 4438 519 4486 9.
815 4439 857 4489 lto.
891 4435 1348 4507 nagis]laocquoqneloco1rrc
