2812 5242
190 150 229 217 ld
665 141 875 209 Mncnourl

189 321 390 384 humanorum
408 334 501 403 quom
521 314 560 379 do
580 313 688 378 diebus
710 313 844 398 scripsit:
866 309 1018 387 Homines,
1039 310 1148 395 inquit,
1169 315 1223 398 pni
1244 334 1283 377 ex
1301 334 1358 378 me·

189 406 242 470 dia
267 414 351 469 noete
371 402 414 469 ad
437 402 612 488 prassinam
637 398 766 463 medinm
783 409 896 462 noctem
916 395 963 460 his
984 395 1068 461 hors's
1090 398 1200 481 eipinti
1220 410 1360 483 quattuor

160 490 256 556 {lnoti
277 499 348 555 sunt
373 509 435 552 urso
458 486 507 550 die
536 486 604 549 noti
624 484 776 548 dicuntur.
821 480 945 560 Quibus
973 480 1072 544 verbis
1095 480 1136 544 ite
1156 480 1275 546 videtur
1295 483 1357 548 die·

189 596 257 641 rum
278 571 520 639 observationem
541 568 692 644 divisisse,
723 576 759 632 ut
780 566 833 652 qui
853 574 923 651 post
942 564 1015 630 solis
1034 585 1178 630 occasum
1203 575 1273 632 ente
1295 589 1357 633 rne-

189 662 270 726 dinm
290 666 410 723 noctem
434 664 524 720 natus
543 654 583 718 sit
609 653 659 718 illo
680 672 771 737 quom
795 672 857 716 nox
878 658 982 715 secute
1004 659 1060 727 est,
1082 660 1189 715 contra
1211 671 1283 717 vero
1307 655 1358 738 qui

191 747 222 811 in
248 765 301 809 sex
325 741 425 808 noctis
450 739 535 805 horis
560 738 779 824 posterioribus
804 735 940 800 nascitur
968 755 1006 800 eo
1030 735 1079 799 die
1105 735 1244 801 videatur
1271 746 1360 803 natus

161 830 243 916 lqui
270 835 431 914 postcom
457 832 579 890 noctem
603 822 754 889 diluxerit
798 821 987 887 Athenienses
1016 832 1114 887 amen
1146 822 1234 887 als'ter
1262 824 1359 889 obser-

189 937 262 982 vare
282 913 363 979 idem
380 913 479 977 Verro
500 909 532 973 in
554 907 662 975 eodern
684 908 760 973 libro
782 907 917 992 scripsit,
939 929 1043 993 eosque
1063 931 1084 971 a
1103 907 1174 972 solis
1191 930 1299 975 oseam
1321 910 1361 974 ad

190 1001 279 1067 solem
301 1000 410 1065 iterum
430 994 608 1062 occidentem
635 1016 721 1060 omne
744 994 778 1059 id
797 993 927 1059 mediisin
947 1004 1062 1079 ternpsss
1082 1013 1177 1057 nnwn
1200 994 1279 1059 diem
1300 1018 1361 1061 esse

191 1087 305 1152 dicere:
335 1081 520 1169 Babylonios
539 1101 636 1167 porro
662 1081 768 1151 alitm
799 1100 819 1144 a
845 1078 905 1143 sole
928 1078 1007 1142 enshs
1031 1089 1134 1143 exorto
1160 1079 1200 1143 ad
1224 1092 1361 1146 σοονεαοα

192 1170 321 1237 οίαοάαυ
341 1167 530 1253 inospinstnn
550 1165 585 1230 id
641 1166 737 1230 otium
757 1166 850 1229 nnius
869 1163 933 1228 diei
950 1164 1071 1228 nomine
1090 1184 1215 1229 occare:
1237 1165 1361 1231 Umbros

191 1277 262 1322 cero
283 1274 379 1318 anans
402 1264 429 1317 et
452 1251 577 1317 eundem
622 1252 679 1316 rem
702 1273 762 1315 esse
783 1250 881 1314 dicere
907 1272 928 1312 a
945 1248 1072 1313 meridie
1097 1247 1139 1312 ad
1165 1250 1361 1336 insequentem

163 1339 354 1409 hinnids'em.
399 1336 489 1415 Ossod
505 1336 632 1423 quiden,
653 1335 754 1419 inquit
776 1335 883 1409 Varro,
901 1334 991 1398 nens's
1008 1332 1173 1398 absurdum
1192 1344 1241 1398 est.
1283 1335 1362 1400 Nam

193 1428 246 1512 poi
264 1422 408 1488 Kalendis
428 1422 505 1486 hora
523 1432 608 1485 secta
629 1420 713 1506 apud
737 1420 860 1485 linthres
882 1429 971 1483 οολαο
992 1429 1047 1494 est,
1082 1418 1145 1484 dies
1166 1421 1230 1484 eries
1252 1421 1362 1485 natales

192 1510 290 1576 videri
319 1508 430 1573 debebit
462 1518 489 1572 et
524 1506 728 1573 Kalendamsn
758 1504 932 1570 dimidiatus
968 1515 995 1568 et
1032 1506 1087 1589 qni
1112 1515 1182 1589 post
1212 1504 1361 1570 Kalendas

260 1712 339 1779 [nn.
357 1709 515 1764 noersn.

192 1798 225 1852 N.
244 1799 274 1849 A.
293 1796 344 1858 ΙΙΙ,
361 1799 386 1846 2
409 1822 441 1834 -
464 1797 493 1846 in
510 1811 596 1847 rerum
614 1797 791 1848 humanarum
810 1795 876 1847 libro
894 1810 954 1863 s-g.
971 1822 1002 1834 ·-
1025 1812 1043 1845 a
1062 1794 1149 1845 inedia
1163 1800 1238 1845 noete
1256 1794 1362 1845 (tenso-

192 1867 272 1919 sinns
290 1864 324 1915 de
343 1864 389 1914 dio
409 1868 464 1914 not.
482 1866 525 1926 23,
542 1867 566 1913 b.
595 1891 628 1900 -
655 1865 686 1915 iss
702 1864 743 1915 his
759 1863 831 1915 boris
846 1863 939 1928 „opud
960 1861 1051 1930 Agell.
1070 1861 1121 1913 lib.
1140 1860 1190 1912 ΙΙΙ.
1210 1876 1270 1927 esp.
1288 1864 1314 1911 2.
1333 1870 1362 1913 et

193 1932 378 1984 Censorino.
397 1931 670 1994 23.“ltteun.ct.s
688 1934 713 1980 ³.
816 1934 841 1981 8.
869 1931 1005 1981 dividisse
1021 1928 1051 1979 A.
1081 1957 1107 1968 -
1134 1936 1194 1997 post
1211 1930 1300 1980 solens
1318 1946 1361 1981 oc·

194 2018 283 2054 easnsn
302 1999 378 2051 Geli.
394 1998 412 2049 Ι.
433 2013 457 2048 e.
478 2025 513 2037 -
539 1999 587 2050 illo
606 2000 658 2051 die
676 1998 709 2050 G.
738 2025 764 2035 -
794 2014 869 2065 quens
887 2015 939 2049 nos
956 1996 1160 2051 Asi-bustiae.
1195 2013 1271 2063 quens
1290 2012 1361 2049 noe

195 2088 247 2121 nox
265 2068 345 2117 RGv.
366 2094 394 2103 —
417 2074 568 2118 consecuta
587 2082 639 2134 υς
657 2072 687 2117 ut
704 2065 779 2116 Geli.
798 2067 817 2116 Ι.
837 2082 860 2115 e.
876 2066 893 2128 5
910 2069 933 2116 Ι.
951 2091 983 2103 -
1002 2065 1109 2132 quises
1130 2069 1199 2126 (om.
1218 2065 1261 2129 in)
1279 2062 1308 2115 S.

246 2138 271 2187 4.
308 2134 385 2185 Dies
401 2132 661 2185 Atheniensium.
690 2133 861 2185 Athenienses
878 2134 908 2182 A.
931 2160 959 2171 -
987 2149 1078 2200 uspue
1099 2132 1360 2184 adsolisoeessusn

196 2205 232 2257 ad
250 2204 328 2255 solem
348 2201 367 2251 S
384 2199 427 2260 (bl
446 2214 463 2251 a
482 2217 509 2267 p.
531 2206 591 2262 ιιι).
627 2217 721 2269 eosque
744 2218 762 2252 a
788 2201 850 2252 sole
872 2216 969 2252 occaso
989 2201 1026 2252 ad
1046 2200 1126 2252 solern
1151 2199 1226 2252 (hell.
1244 2201 1263 2252 Ι.
1278 2216 1302 2250 e.
1328 2225 1363 2240 -

198 2274 276 2325 Dies
302 2268 561 2322 babiloniorum.
594 2269 748 2320 Babilonios
766 2266 798 2319 A.
827 2296 860 2307 -
889 2275 983 2321 toturn
1001 2268 1030 2318 id
1048 2268 1163 2334 spatians
1250 2268 1362 2335 appel·

196 2340 272 2391 lares
299 2337 419 2389 multos
438 2352 500 2388 sero
520 2338 554 2388 in
576 2346 667 2391 terra
691 2337 804 2388 Umbria
827 2336 902 2387 Geli.
922 2336 940 2386 Ι.
960 2351 983 2385 e.
1009 2362 1040 2374 -
1071 2336 1148 2386 Dies
1175 2335 1362 2387 umbrorum.

201 2408 309 2458 Umbros
325 2405 354 2470 A,
373 2433 406 2442 -
423 2405 461 2455 nd
477 2405 668 2472 insequentem
687 2408 729 2455 vs.
763 2404 800 2455 od
816 2411 977 2471 sequentem
996 2401 1057 2453 ealr.
1160 2406 1185 2452 b.
1211 2403 1285 2470 apud
1303 2419 1362 2454 sn-

196 2476 254 2527 bros
271 2473 337 2524 hora
356 2479 430 2523 serta
450 2471 478 2524 S.
510 2501 543 2510 -
572 2480 653 2525 natus
677 2480 715 2525 est
735 2472 809 2539 apud
834 2472 942 2523 Umbros
962 2469 1036 2523 Geli.
1056 2471 1075 2520 Ι.
1093 2487 1115 2519 ο.
1147 2496 1181 2508 -
1210 2478 1234 2522 et
1252 2469 1299 2537 psi
1315 2478 1364 2523 est

230 2659 254 2705 ³.
292 2669 367 2720 quens
384 2670 436 2705 nox
454 2661 543 2706 secuta
565 2653 614 2718 est]
640 2652 756 2704 Pioniae
807 2652 869 2701 dein
897 2654 1008 2702 secutos
1037 2668 1100 2702 esse
1128 2652 1265 2705 rationem
1295 2653 1366 2706 dicit

198 2721 311 2774 (icilius
330 2719 361 2771 N.
379 2721 411 2771 A.
431 2720 487 2783 ΙΙΙ,
504 2723 536 2783 Β,
553 2723 586 2781 s,
604 2737 621 2771 a
640 2737 690 2786 quo
713 2720 757 2770 dio
807 2718 970 2769 lietduinus
988 2719 1022 2770 ad
1040 2717 1164 2770 Ptininni
1187 2722 1206 2771 Ι.
1224 2738 1259 2783 ο.,
1271 2720 1364 2789 ipsum

198 2807 230 2841 eo
251 2806 302 2839 nos
320 2789 445 2855 eoeperit;
474 2786 642 2850 interritus
663 2790 686 2837 Ι.
704 2785 757 2838 Ιιο-
806 2785 876 2837 solis
901 2802 1030 2837 oceasum
1055 2785 1211 2852 intellexit,
1241 2789 1312 2842 adeo
1334 2798 1365 2842 ut

197 2858 246 2909 bot
276 2870 351 2921 orrens
383 2872 434 2906 nos
468 2872 504 2906 ea
537 2862 675 2907 consecuta
709 2861 755 2906 est.

198 2922 370 2975 Posticulum
390 2940 449 2974 snos
466 2939 482 2974 e
500 2922 608 2974 duobus
629 2920 755 2973 eiusdem

198 2989 320 3055 originis
341 2989 422 3041 libris
443 2990 510 3041 diss.
534 2997 562 3041 et
586 2988 653 3041 edit.
680 2988 757 3056 prin·

197 3058 259 3125 cipe
278 3058 381 3109 esteris
400 3058 481 3108 tibris
499 3058 566 3109 Μαι.
584 3056 755 3123 relrnganti·

806 2853 880 2906 inter
909 2860 1034 2904 nostruin
1067 2860 1096 2904 et
1126 2854 1266 2908 Isidorum
1299 2872 1366 2909 seru

806 2920 991 2989 repugnantia
1023 2922 1172 2974 statuenda
1204 2923 1243 2976 sit
1276 2925 1366 2977 nulls.

807 2991 848 3041 De
864 2988 1014 3107 Aegpptils
1033 3006 1089 3039 rens
1109 2992 1259 3071 expediant
1277 2992 1365 3045 inter-

197 3128 250 3178 bus
270 3126 345 3177 nolui
366 3127 500 3191 recipere,
517 3126 585 3177 lieet
603 3142 625 3176 c.
641 3129 683 3174 rt.
701 3128 756 3188 §lh
805 3057 1038 3177 lelllrlllerrslmrilln
1063 3056 1365 3192 lllllllrlsnlohlllllsmllllcs

197 3192 286 3246 simili
304 3194 385 3244 modo
401 3192 529 3261 legetur:
548 3209 656 3260 sequens
673 3208 756 3252 arose

198 3263 257 3313 nlin
275 3277 320 3311 res
338 3267 382 3311 est
399 3278 423 3311 e.
444 3264 483 3310 1³.
502 3262 518 3324 s
538 3262 563 3311 l.
589 3261 692 3312 Nursiae
712 3276 756 3311 or·

198 3329 358 3380 dinationesn
372 3329 486 3393 finitimi
503 3345 563 3381 snos
581 3329 672 3379 seeuts'.

231 3398 256 3446 4.
302 3395 473 3447 Athenienses
516 3395 582 3461 ete]
631 3394 755 3459 „Eodem

199 3463 458 3531 prasterGellinm,
470 3479 503 3514 cx
521 3479 575 3529 qno
594 3470 689 3514 noster
706 3476 757 3512 sus

198 3530 331 3582 transscri
354 3530 401 3594 sit,
420 3546 474 3581 uno
492 3547 628 3582 consenso
646 3530 759 3581 tradant

198 3598 309 3650 Plinius
336 3549 371 3650 ll.
400 3598 435 3648 ΙΙ.
462 3598 502 3661 ΙΙ,
526 3603 560 3648 19
588 3598 621 3663 [s.
645 3599 699 3665 th]
729 3603 758 3649 et

198 3665 369 3719 Censorinus
391 3666 425 3717 de
444 3665 491 3718 die
508 3673 565 3717 nat
580 3683 603 3717 e.
621 3668 655 3716 23
674 3666 701 3730 [ς
718 3664 756 3730 a]

199 3741 228 3785 et
268 3735 302 3786 de
340 3733 475 3786 Romanis
514 3733 685 3786 Plutarchus
728 3733 756 3783 in

199 3801 316 3867 Qnaest.
344 3802 425 3853 ΙΙοιιι.
457 3802 493 3869 [c.
524 3801 587 3869 84.]·
633 3801 758 3852 isidorus

199 3884 266 3917 nero
292 3866 353 3918 Lib.
384 3870 413 3920 V.
441 3870 522 3937 0rig.
550 3886 610 3936 cap.
636 3871 671 3920 ³0
699 3866 757 3933 [4.],

199 3933 247 3999 φιλ
277 3933 311 3983 (Ιο
335 3935 455 3987 cacteris
487 3936 643 3998 consentit,
673 3935 759 3987 aliter

199 3998 287 4051 tradit
304 4000 338 4050 de
351 4002 578 4068 Atheniensibus,
595 4020 665 4071 quos
683 4003 757 4054 diern

200 4069 350 4118 secundom
389 4069 523 4121 inchoare
560 4071 601 4123 nit
629 4088 647 4122 a
683 4079 758 4122 sexta

200 4136 266 4186 hora
283 4135 336 4186 diei
353 4141 436 4202 etque
451 4136 653 4206 Aegyptiorum
672 4138 757 4204 diem,

199 4201 280 4252 cuius
305 4201 416 4254 initium
441 4220 494 4254 non
520 4206 636 4258 differre
660 4205 759 4257 statuit

199 4268 311 4322 Plinius
329 4284 346 4321 a
364 4271 503 4335 Romano,
528 4273 671 4326 numerari
694 4289 757 4324 nor·

79 4402 86 4413 ⁵
199 4344 244 4389 rat
265 4339 298 4389 ab
320 4356 413 4391 occasu
434 4341 506 4392 solis.
541 4341 682 4394 Fortassis
706 4339 759 4393 lsi-

199 4406 285 4457 dorus
302 4422 353 4472 per
366 4407 463 4460 horam
481 4415 588 4462 sestam
605 4409 662 4461 diei
679 4426 695 4461 e
713 4425 760 4461 rs·

199 4471 276 4524 tione
296 4473 463 4528 Umbrorum
487 4484 516 4531 et
538 4477 660 4530 aliorum
684 4476 758 4529 auti·

199 4539 318 4608 qultstls
342 4545 566 4615 astrologorum,
595 4560 666 4612 qnos
691 4560 759 4600 esn·

808 3195 895 3312 him
919 3193 987 3244 diens
1010 3194 1061 3244 alii
1083 3195 1163 3246 aliter
1183 3195 1366 3248 οΙυονοουπσε

834 3261 951 3328 abelonii
977 3262 1046 3313 inter
1070 3261 1137 3313 dnos
1164 3264 1227 3314 eolis
1251 3273 1366 3331 exortus,

808 3328 978 3381 Athenienses
994 3330 1062 3382 inter
1079 3331 1146 3382 dnos
1162 3347 1279 3396 occasus,
1303 3333 1366 3383 Une-

807 3397 847 3446 bri
868 3413 885 3446 a
907 3397 1015 3448 meridie
1040 3398 1069 3448 in
1094 3397 1243 3461 sneridiess,
1265 3399 1367 3468 uulgus

808 3479 882 3514 omne
900 3481 917 3514 a
935 3465 992 3515 lnce
1009 3465 1045 3514 ad
1062 3466 1194 3529 tenebras,
1218 3466 1367 3518 sacerdotes

810 3531 924 3581 llosnani
944 3532 1032 3599 etqui
1054 3531 1122 3582 diens
1141 3532 1275 3597 diffiniere
1298 3533 1366 3583 eiai-

808 3598 868 3658 lesn,
887 3599 949 3650 itesn
965 3600 1093 3681 Aegyptii
1112 3607 1137 3650 et
1150 3598 1326 3666 Hipparchus,
1347 3616 1366 3649 a

806 3665 892 3716 media
909 3673 984 3717 noete
1003 3684 1031 3717 sn
1054 3666 1196 3718 medianifl
1221 3666 1305 3718 Zeus.
1330 3694 1365 3705 -

808 3732 850 3782 cl.
877 3731 1009 3784 baneent.
1027 3732 1097 3800 Lyd.
1118 3733 1151 3784 de
1173 3749 1259 3784 niens.
1279 3733 1320 3796 ΙΙ,
1340 3738 1366 3798 Ι,

828 3800 855 3850 ui
879 3802 913 3852 dc
933 3800 1150 3852 Atheniensibus
1174 3799 1247 3852 nihil
1269 3801 1367 3865 hebet,

808 3817 843 3918 le
868 3868 1015 3936 Aegyptiis
1040 3874 1133 3919 sutem
1165 3884 1227 3919 cum
1254 3869 1367 3922 isidoro

808 3937 955 3987 consentit.
1003 3936 1044 3986 uo
1076 3934 1243 4001 Babyloniis
1275 3938 1366 3990 iderns

810 3999 984 4071 Βαβυλώνιοι
1011 3997 1062 4067 μὲν
1090 3999 1145 4067 γὰο
1178 3995 1237 4056 ἀπὸ
1265 4000 1367 4057 dvcto-

809 4070 865 4121 λῶν
888 4064 969 4137 ἡλίου
992 4065 1045 4129 ἕως
1069 4064 1165 4122 αὐτῶν
1192 4070 1367 4142 λαμβάνωσι

809 4136 934 4206 δυσμῶν,
965 4135 1066 4196 νυκτὸς
1087 4130 1148 4191 οὐδ’
1166 4132 1237 4201 ὅλως
1254 4136 1366 4207 μνήμην

808 4202 985 4272 ποιούμενοι,
1003 4208 1074 4274 qnod
1095 4208 1237 4275 pertinere
1256 4208 1367 4260 ridetur

809 4275 844 4325 ad
865 4292 899 4328 ea
941 4291 994 4327 nas
1017 4276 1134 4329 tradidit
1152 4276 1313 4329 blerodotns
1329 4275 1367 4340 ΙΙ,

809 4345 873 4394 109:
895 4345 938 4395 Τα
951 4342 1080 4397 δυώδεκα
1095 4343 1180 4411 μέρεα
1196 4342 1246 4409 τῆς
1271 4336 1365 4408 ’μέρος

808 4406 887 4475 παρὰ
905 4411 1089 4481 Βαβυλωνίαν
1104 4410 1213 4482 ἔμαθον
1229 4406 1257 4462 ολ
1303 4411 1367 4476 λλη-

809 4492 862 4537 νος.

842 4549 867 4597 b.
894 4547 974 4602 sinis
985 4547 1140 4615 absurdam]
1156 4546 1284 4603 Absurde
1295 4546 1368 4601 haec
