2812 5242
186 139 228 203 to
670 128 880 197 MACROBII

189 302 309 391 placido
331 301 494 367 conventui
515 306 742 384 congruentem.
785 298 862 363 Erat
882 299 961 361 enim
986 299 1174 363 amarulenta
1197 298 1360 366 dicacitate

189 398 222 456 et
244 390 346 473 lingua
368 395 508 474 proterve
533 383 683 461 mordaci,
718 402 831 480 procax
857 404 892 447 ac
919 403 1045 447 securus
1073 385 1257 449 offensartnn
1280 408 1357 469 quas

138 475 274 560 [saepiae
297 473 417 539 delectu
436 470 498 536 cari
518 469 564 533 vel
587 490 649 532 non
671 468 761 533 amici
781 468 813 531 in
834 489 867 532 se
890 468 1001 552 passim
1022 469 1121 533 verbis
1143 469 1214 533 odia
1231 473 1358 534 serenti-

187 561 245 625 bus
270 556 464 644 provocabat.
505 553 566 619 Sed
589 553 815 629 Praetextatus,
848 560 884 616 ut
906 562 971 617 erat
992 554 1024 617 in
1046 575 1152 619 omnes
1176 576 1274 639 aeque
1295 556 1358 639 pla-

159 643 274 710 llcidus
300 665 335 707 ac
364 640 459 717 mitis,
488 648 524 703 ut
549 637 783 703 admitterentur
807 637 906 702 missis
931 638 1028 702 obviis
1053 638 1221 723 imperavit
1271 640 1359 718 Quos

187 731 291 795 Herus
312 724 515 810 ingredientes
540 723 736 787 commodum
762 730 944 787 consecutus
964 723 1182 802 comitabatur,
1217 723 1263 787 vir
1293 745 1358 788 cor-

187 833 262 898 pore
282 819 314 877 at
335 831 375 874 ue
396 808 498 874 animo
518 807 602 873 iuxta
623 807 756 884 validus,
783 807 837 891 qui
859 814 929 892 post
949 807 1027 872 inter
1068 809 1162 892 ugiles
1185 808 1302 892 palmas
1321 810 1359 874 ad

188 897 328 994 philosop
352 895 398 959 'ae
429 892 530 959 studia
558 892 708 976 migravit,
741 901 918 976 sectamque
944 829 1133 957 Antisthenis
1165 903 1196 958 ct
1227 893 1359 959 Cratetis

188 990 282 1067 atque
305 979 401 1066 ipsius
421 976 569 1062 Diogenis
593 985 715 1044 secutus
741 977 820 1041 inter
841 976 973 1062 Cynicos
1001 998 1064 1040 non
1085 977 1244 1042 incelebris
1265 978 1359 1043 habe-

160 1069 287 1133 lbatur.
332 1063 394 1129 Sed
420 1062 607 1145 Euangelus,
640 1070 804 1147 postquam
834 1069 953 1127 tantum
991 1072 1112 1127 coetum
1145 1062 1358 1146 adsurgentem

188 1151 246 1216 sihi
267 1151 420 1233 ingressus
441 1146 582 1212 offendit:
614 1146 767 1223 Casusne,
792 1146 910 1231 inquit,
929 1146 986 1212 hos
1010 1168 1117 1212 omnes
1138 1147 1176 1211 ad
1196 1156 1244 1224 te,
1264 1148 1357 1214 Prae-

189 1243 315 1310 textata,
335 1231 498 1309 contraxit,
518 1252 557 1295 an
577 1232 667 1296 altius
687 1230 832 1316 quiddam
856 1231 905 1295 cui
925 1232 1051 1297 remotis
1073 1231 1194 1296 arbitris
1217 1253 1296 1317 opus
1319 1234 1359 1298 sit

188 1318 350 1418 cogitaturi
369 1338 407 1382 er
428 1316 577 1402 disposito
597 1316 805 1383 convenistis?
847 1316 941 1395 Quod
963 1316 988 1381 si
1010 1317 1051 1381 ita
1075 1326 1136 1393 est,
1166 1326 1202 1381 ut
1220 1318 1358 1395 aestimo,

188 1406 281 1471 ebibo
301 1403 514 1488 potiusquam
534 1423 583 1467 me
601 1401 709 1468 restris
729 1401 864 1466 miscebo
885 1401 1019 1478 seeretis,
1041 1422 1059 1466 a
1079 1402 1190 1486 quihus
1205 1424 1253 1466 mc
1272 1423 1358 1467 amo-

160 1490 271 1556 hvebit
288 1489 438 1563 voluntas,
459 1486 528 1550 licet
547 1485 668 1551 lortuna
685 1485 806 1551 lecisset
820 1487 950 1550 inruere.
994 1488 1082 1550 Tunc
1101 1487 1230 1563 Vettius,
1250 1508 1357 1570 quam-

189 1575 233 1638 vis
257 1574 296 1637 ad
319 1592 441 1637 omnem
467 1571 642 1656 patientiam
672 1578 846 1635 constanter
876 1570 969 1634 animi
998 1571 1216 1655 tranquillitate
1242 1571 1357 1649 firmus,

160 1657 326 1726 dnonnihd
354 1664 457 1722 tamen
483 1655 706 1722 consultatione
739 1664 801 1720 tam
832 1663 971 1740 proterva
997 1664 1113 1719 motus:
1164 1655 1196 1720 Si
1222 1664 1276 1720 aut
1299 1677 1356 1733 me,

257 1827 336 1896 [Mes.
354 1824 482 1879 ADGPS.

187 1920 272 1964 uentu
288 1911 317 1962 S.
336 1937 369 1949 -
387 1909 484 1978 lingua
500 1917 621 1976 proterve
639 1909 757 1962 mordaci
776 1907 944 1974 euasi-gn
964 1912 1000 1971 „2
1018 1907 1130 1975 Angl.“.
1158 1907 1357 1972 „Gerrnsnior,

187 1980 274 2031 immo
291 1992 426 2046 pmaaa
445 1977 529 2040 plane
548 1974 649 2036 lectio,
678 1991 751 2040 quae
773 1975 802 2025 in
821 1975 927 2040 scripto
947 1982 975 2026 et
993 1983 1103 2026 vetuste
1124 1993 1233 2041 qnoque
1251 1977 1357 2027 cusis.·‘

189 2047 269 2099 Pont.
305 2046 402 2113 lingua
418 2051 541 2110 proterve
557 2043 695 2094 nsendsci
711 2042 742 2093 Ρ.
777 2043 893 2110 linguae
907 2050 1062 2108 protervae,
1077 2045 1225 2094 mendacii
1242 2060 1295 2093 s·u.

223 2119 248 2164 e.
276 2113 353 2164 iusta
371 2126 425 2161 aar.
439 2109 470 2161 Ρ.
491 2137 526 2149 -
540 2117 600 2176 port
617 2111 686 2161 inter
700 2126 737 2175 pu
760 2110 809 2161 iles
828 2109 963 2176 suun-g.
997 2111 1103 2176 primo
1121 2112 1189 2163 inter
1205 2112 1313 2179 pugiles
1328 2109 1357 2160 S.

188 2188 248 2249 poet
266 2180 462 2230 innumeras
480 2178 549 2229 inter
565 2177 674 2244 pugiles
691 2177 741 2226 r·b
766 2215 773 2228 .
875 2179 901 2227 4.
929 2185 1029 2228 coetum
1046 2185 1149 2228 tantum
1167 2177 1248 2244 Sr-g.
1268 2205 1300 2214 -
1321 2177 1358 2226 od

171 2247 283 2300 'seAB
301 2246 341 2308 (G
360 2260 376 2296 a
393 2262 418 2310 p.
439 2249 499 2305 m).
517 2272 552 2284 -
591 2244 691 2296 uidem
711 2242 730 2294 S
749 2259 765 2296 s
784 2259 811 2308 p.
830 2261 866 2295 m.
885 2270 915 2282 —
941 2246 1082 2313 cogitanti
1101 2250 1142 2295 vl.
1170 2271 1200 2280 -
1225 2245 1358 2295 existima

188 2330 251 2380 v·g.
354 2315 379 2362 ιι.
406 2312 477 2364 'l'uns
490 2262 759 2365 hiddi-vettius
770 2311 875 2362 tte-te.
917 2312 953 2361 l'e
968 2313 1021 2363 tius
1034 2311 1167 2374 (erasae)
1180 2311 1213 2361 G.
1253 2312 1359 2362 l'cctius

188 2380 295 2450 dSr-g.
311 2406 345 2419 -
354 2381 453 2449 finnus
472 2385 558 2433 esset
576 2394 637 2449 r-g.
657 2405 689 2419 -
705 2380 885 2432 inrultatienc
903 2378 975 2430 cani.
993 2378 1099 2430 Meurs.
1124 2378 1184 2429 l'id.
1200 2386 1256 2430 not.

222 2548 248 2596 2.
287 2544 467 2611 ingredientes
497 2545 657 2596 commodum
683 2563 746 2597 can·

188 2610 302 2677 secutus]
338 2609 378 2660 ci.
402 2611 485 2674 Apul.
510 2610 576 2661 Met.
601 2609 689 2671 1,22.
719 2629 747 2676 p.

190 2682 249 2731 112.
275 2677 475 2730 Commodum
492 2690 603 2726 camare
617 2676 671 2725 inei
690 2677 747 2726 ien-

189 2745 375 2860 congerente,
402 2749 431 2795 et
451 2741 544 2793 Haud.
562 2693 688 2793 Turseli.
708 2740 746 2804 ll,

189 2828 280 2943 ¹’past
313 2875 381 2926 inter
416 2873 525 2943 pugiles
555 2872 672 2942 palmos]
704 2874 745 2924 dcl

187 2940 748 3073 ttttttltt¹¹⁰⁰tittttttdtttzlt

186 3077 322 3130 insertans
343 3092 406 3128 esse
430 3074 601 3127 indicativum
625 3075 747 3126 innume-

185 3162 241 3207 ras,
259 3143 332 3223 qqod
350 3158 404 3223 npn
422 3149 578 3221 agnpseunt
595 3140 662 3192 libri
680 3157 747 3193 mss.

187 3228 274 3338 'iii
291 3207 747 3342 'inimisitlithini:

187 3342 251 3395 Ner.
264 3345 307 3392 22.
329 3342 421 3410 Neque
436 3342 623 3393 dissimulabat
636 3343 703 3394 veile
720 3358 747 3394 se

185 3409 376 3477 paintarum
391 3425 527 3459 nusrerurn
545 3409 684 3475 ampliare.

221 3475 385 3528 Antisthenis
398 3483 423 3528 et
438 3475 551 3528 usseris
568 3484 647 3542 atque
664 3476 748 3543 ipsine

189 3541 328 3611 Diogenis]
346 3541 406 3595 Non
426 3542 501 3594 iusto
520 3542 664 3594 ordinabi
684 3543 745 3608 plri-

186 3609 300 3677 losophl
328 3616 587 3661 commemorantur.
623 3609 748 3676 Namque

185 3676 367 3728 Antisthenes
380 3676 559 3729 Atheniensis
577 3676 631 3728 tuit
649 3685 749 3729 auctor

186 3743 310 3812 Cynicae
344 3751 453 3797 sectant
495 3745 557 3796 eius
588 3744 746 3811 discipulus

186 3810 242 3862 tutt
260 3812 401 3879 Diogenes
419 3810 599 3875 sinopensis,
629 3810 746 3877 eiusque

186 3877 298 3928 demunt
337 3877 438 3930 Crates
479 3878 642 3930 Thebanus.
702 3877 744 3928 Gi.

186 3943 324 3994 Brneherl
348 3943 416 3995 hist.
436 3946 499 3996 erit.
517 3945 626 4025 philos.
652 3944 676 3995 1.
699 3962 745 4009 pp.

185 4012 246 4071 860,
258 4012 318 4070 titt,
331 4014 384 4059 ωδ
394 4028 464 4076 sqq.,
475 4012 554 4062 Sati.
565 4019 593 4064 et
604 4011 745 4062 tuest-un-

187 4076 258 4141 eycl.
279 4076 306 4126 d.
324 4077 408 4126 class.
425 4078 481 4128 an.
496 4077 582 4128 Wiss.
598 4095 620 4129 s.
636 4077 685 4129 hh.
700 4093 744 4127 ve.

220 4144 245 4193 4.
282 4142 402 4208 offendit]
424 4143 467 4194 Gi.
486 4160 509 4193 c.
527 4149 553 4194 6.
573 4147 589 4206 §
610 4148 635 4195 4.
659 4144 745 4207 Quid·

187 4225 249 4259 nurn
277 4210 483 4273 offenderint
510 4211 743 4262 sermocinationis.

221 4275 298 4326 alsiho
331 4277 421 4341 patius
460 4294 540 4342 quaes
576 4295 616 4329 me
651 4279 745 4327 uestris

186 4343 296 4393 miscebo
326 4343 441 4406 recretis]
472 4343 515 4394 Gi.
550 4345 606 4406 lll,
633 4347 675 4402 ta,
701 4349 742 4393 to.

187 4409 272 4459 verba
292 4408 377 4461 Titiis
407 4411 478 4475 Quid
491 4411 557 4462 srsilsi
576 4412 680 4479 negotii
696 4419 743 4463 est

185 4491 244 4525 erras
259 4477 318 4529 istis
333 4479 511 4545 nugatoribus
523 4479 632 4545 potius
650 4494 742 4543 quesn

822 2553 952 2595 atomus
980 2545 1107 2606 mulsum,
1139 2544 1186 2595 ubi
1217 2546 1272 2598 rid.
1301 2549 1358 2595 nol.

823 2611 938 2660 sitatior
978 2617 1120 2660 structura
1161 2620 1237 2662 esset
1281 2628 1360 2677 quarn

796 2676 1031 2791 :pispeqqadquafn
1049 2677 1148 2791 ⁸⁰:1⁸¹&
1159 2693 1221 2727 esse
1239 2679 1360 2758 latinaqs

796 2748 892 2871 0¹‚⁰'i³.
916 2757 1081 2871 “redimiri
1103 2743 1359 2874 mitellita}

795 2874 858 2926 ttnt.
876 2877 901 2926 4.
933 2874 1024 2926 lland.
1043 2873 1169 2927 Tursell.
1188 2877 1233 2926 lV.
1254 2895 1281 2943 p.
1298 2882 1359 2929 514.

798 2950 827 2993 et
845 2941 948 2992 Brenni.
968 2942 1001 2993 acl
1016 2942 1096 2992 Corn.
1116 2943 1231 2995 Barnea.
1253 2949 1298 3007 ll,
1315 2945 1358 3009 4.)

798 3008 842 3060 cl.
862 3008 956 3061 Pluul·
975 3008 1223 3072 Τιιιο.11,4,88.
1248 3028 1289 3061 sne
1307 3027 1357 3078 po·

797 3077 852 3130 tius
872 3094 925 3127 nen
948 3078 1061 3129 ansata
1085 3093 1165 3143 quom
1188 3078 1250 3129 huie
1269 3078 1358 3129 desit

797 3159 880 3194 amor.
930 3142 1023 3193 Minus
1058 3150 1135 3194 reete
1165 3144 1292 3195 Krituius
1322 3145 1357 3195 acl

797 3208 857 3261 Sel.
876 3209 939 3274 lug.
966 3213 1027 3270 106,
1054 3214 1096 3272 9.,
1125 3216 1154 3261 ot
1176 3211 1300 3263 Kuhner.
1321 3210 1356 3261 ud

797 3276 857 3327 cte.
877 3275 963 3328 Tuse.
981 3277 1023 3338 ll,
1047 3280 1095 3339 22,
1113 3280 1156 3329 62.
1178 3278 1230 3331 slii
1249 3295 1299 3345 per
1317 3278 1356 3328 el-

795 3343 882 3410 lipsin
897 3342 1117 3409 interpretentur
1135 3345 1356 3397 coniunctivume

795 3427 934 3476 perpessus
949 3419 988 3463 est
1006 3412 1095 3462 omnia
1108 3413 1198 3479 potius
1215 3429 1293 3479 quom
1312 3411 1356 3476 (ta

798 3477 858 3543 egit
884 3483 929 3537 ut)
957 3480 1072 3530 conscios
1097 3514 1124 3530 ..
1152 3480 1291 3531 indicaret.
1323 3504 1356 3516 -·

797 3543 924 3609 Denique
941 3552 1042 3597 recreta
1060 3562 1112 3597 non
1132 3554 1211 3610 sunt,
1240 3551 1271 3595 ut
1296 3544 1357 3595 vult

796 3611 933 3674 Zeonius,
970 3612 1159 3680 intelligenda
1190 3626 1274 3662 sensu
1306 3611 1357 3662 oh·

796 3696 913 3741 seoeoo;
942 3678 1027 3731 immo
1050 3678 1230 3746 cogitandum
1254 3682 1298 3729 est
1322 3678 1356 3729 tle

796 3746 881 3797 rehas
902 3763 974 3811 quae
997 3745 1155 3798 maiestatis
1178 3743 1289 3810 legibus
1314 3752 1357 3795 te-

795 3814 983 3878 necarentur
1000 3829 1072 3878 quae
1089 3815 1214 3878 spectent
1226 3811 1261 3862 ad
1276 3828 1356 3864 eser·

796 3880 880 3933 tenda
897 3895 979 3932 seces
998 3879 1119 3944 publica.

825 3948 934 4011 fecisset
947 3947 1054 4012 irruere]
1064 3944 1123 3996 Vid.
1134 3944 1265 4011 prologg.
1277 3964 1303 4013 p.
1312 3962 1355 3997 rr..

829 4018 855 4064 5.
883 4013 1073 4065 consultatione
1089 4019 1144 4064 tara
1155 4013 1291 4079 proteron]
1304 4013 1355 4077 „ld

795 4084 840 4129 est
860 4080 1070 4146 interrogatione
1085 4087 1141 4130 turn
1156 4087 1290 4144 proteron.
1320 4080 1356 4129 Ει

796 4143 836 4196 ils
861 4162 895 4200 eu
915 4162 984 4197 voce
1008 4144 1110 4197 iterum
1135 4163 1202 4197 usus
1224 4153 1268 4197 est
1293 4161 1353 4207 cap.

797 4215 836 4263 16.
861 4211 887 4277 [S
910 4217 933 4262 l.
959 4213 995 4263 el.
1018 4216 1035 4276 S
1059 4214 1111 4280 aa]
1137 4213 1204 4264 item
1227 4228 1288 4277 cap.
1316 4215 1354 4259 tr.

795 4277 822 4394 ὣς
839 4283 881 4328 50.
907 4278 982 4331 Adde
1001 4296 1061 4344 cap.
1078 4286 1102 4330 3.
1122 4282 1138 4341 §
1159 4279 1201 4344 1.],
1220 4278 1287 4328 item
1303 4275 1354 4326 lib.

810 4344 853 4395 'll.
872 4361 904 4396 cs
927 4350 976 4396 ,4.
996 4347 1063 4411 [52.
1083 4345 1219 4409 ci.§4.],
1238 4348 1267 4394 et
1284 4343 1353 4393 ibid.

794 4427 855 4477 esp.
868 4416 894 4461 2.
907 4364 937 4478 l§
956 4413 996 4478 a]
1016 4414 1062 4478 qui
1079 4413 1136 4463 osli
1157 4427 1283 4462 amoenus
1299 4426 1354 4460 esse

793 4480 934 4540 consulter,
949 4477 977 4531 id
996 4484 1039 4530 est
1057 4477 1254 4544 interrogator.
1272 4477 1353 4543 Quod
