2812 5242
297 411 656 485 sntutbsurouuu
685 412 762 482 LIB.
785 418 809 482 1.
841 412 932 484 CAP.
953 414 1056 487 xv11.
1199 422 1261 491 153

97 585 278 672 intellegitur
294 585 400 672 praelii
420 605 520 662 causa,
544 606 605 650 non
627 585 823 671 pestilentiae,
847 587 926 652 sicut
949 588 1073 673 quidam
1094 590 1263 671 aestimant,

94 673 179 737 ludos
208 670 378 736 institutos.
422 671 505 737 llaec
524 677 571 736 θεῖ
593 680 695 737 autem
718 670 809 736 buius
830 673 1048 739 aestimationis
1069 675 1156 755 ratio,
1178 677 1312 762 quodid

94 768 163 822 tunc
192 757 240 821 sol
265 776 356 841 super
380 755 480 841 ipsum
508 764 630 820 nostrae
655 755 849 821 habitationis
871 758 1011 823 verticem
1039 759 1141 843 fulget.
1184 763 1262 828 Nam

93 843 210 909 Cancer
233 842 264 905 in
288 841 405 906 aestivo
427 841 545 926 tropico
567 847 630 916 est,
658 841 772 925 inquo
795 850 915 906 meante
936 844 1000 907 sole
1015 844 1091 908 radii
1112 854 1262 931 tempera·

93 937 156 992 tam
182 937 316 991 nostram
346 946 410 990 non
439 926 559 992 eminus
588 925 641 990 aad
669 945 799 1011 supeme
825 926 946 991 demissi
973 928 1064 992 rectis
1093 929 1262 1014 fulgoribus

95 1013 240 1076 lustrant:
260 1010 343 1075 unde
363 1010 556 1076 aestimatum
579 1017 626 1075 est
647 1031 664 1074 a
685 1010 839 1076 nonnullis
861 1011 899 1075 ad
920 1012 1145 1110 propitiandum
1168 1023 1311 1166 tuucpeup

96 1097 227 1162 maxime
246 1096 335 1160 deum
363 1095 472 1160 caloris
493 1094 721 1180 Apollinaribus
746 1095 834 1161 litari.
885 1095 945 1160 Sed
975 1098 1096 1163 maenio
1123 1099 1153 1163 in
1181 1100 1290 1168 litto-2

95 1183 137 1246 ris
161 1182 218 1246 bos
237 1181 326 1246 ludos
345 1181 507 1257 victoriae,
541 1202 603 1246 non
623 1180 797 1245 valitudinis
819 1200 927 1258 causa,
962 1190 998 1246 ut
1021 1183 1145 1267 quidam
1168 1203 1261 1250 anna·

95 1267 166 1332 lium
194 1267 358 1352 scriptores
379 1274 565 1342 memorant,
589 1264 753 1331 institutos.
797 1266 882 1330 Bello
905 1265 984 1331 enim
1007 1266 1124 1332 Punico
1146 1268 1177 1333 bi
1197 1271 1261 1335 ludi

95 1374 130 1417 ex
153 1351 240 1416 libris
263 1351 420 1437 Sibyllinis
442 1351 572 1437 primum
597 1359 670 1414 sunt
688 1349 829 1427 instituti,
851 1351 998 1417 suadente
1019 1352 1163 1420 Cornelio
1181 1353 1262 1421 Ruio

94 1436 282 1513 decemviro,
319 1436 373 1520 qui
402 1444 562 1521 propterea
590 1434 703 1520 Sibylla
733 1436 965 1519 cognominatus
994 1444 1057 1515 est,
1097 1447 1128 1504 et
1157 1448 1262 1524 postea

94 1531 240 1607 corrupto
264 1521 391 1586 nomine
418 1523 533 1607 primus
560 1519 662 1605 coepit
684 1519 764 1605 Sylla
792 1520 927 1588 vocitari.
975 1523 1086 1589 Fertur
1106 1532 1207 1591 autem
1230 1526 1313 1595 inte

94 1607 280 1672 carminibus
300 1606 409 1671 Marcii
429 1606 521 1682 vatis,
547 1605 633 1670 cuius
655 1604 717 1670 duo
740 1604 895 1670 volumina
916 1605 1008 1672 inlata
1031 1616 1103 1674 sunt
1124 1609 1155 1673 in
1176 1631 1262 1676 sena·

93 1702 170 1768 tum,
204 1691 363 1756 incentum
387 1711 453 1757 esse
474 1691 515 1756 ita
536 1690 697 1775 scriptum:
733 1691 866 1767 Horten,
900 1692 1046 1770 Romani,
1080 1696 1165 1762 sicu
1188 1719 1262 1781 apso

94 1779 238 1865 apellen
258 1777 358 1855 υεεΙῖὶε,
379 1779 522 1844 eumenus
540 1798 616 1866 quae
635 1776 767 1864 pontium
785 1778 864 1843 osuit
881 1776 980 1865 loupe,
1009 1779 1144 1866 Apulls'us'
1161 1804 1262 1849 ceusu

889 1972 960 2025 Edd.
979 1972 1194 2043 vicabgspdrb]

95 2056 258 2108 cristinam
277 2054 361 2122 sv-g.
451 2058 495 2108 26.
520 2055 735 2109 existimationis
752 2054 851 2124 Sall-g.
886 2057 1075 2108 estimationis
1090 2061 1133 2107 vl.
1148 2085 1181 2095 —
1197 2060 1264 2110 esi·

95 2125 228 2175 stisratussr
243 2122 312 2174 sne.
347 2123 510 2175 estimatum
528 2122 622 2191 richg.
642 2151 669 2161 ·
691 2131 759 2176 auls
780 2124 813 2175 in
833 2124 892 2175 illis
905 2122 949 2184 (in
967 2138 1021 2190 sug.
1038 2139 1056 2174 a
1074 2125 1222 2188 nonnullis)
1235 2125 1263 2177 S.

94 2217 125 2229 -
145 2199 210 2243 tssssc
226 2207 283 2242 εει.
299 2188 328 2242 S.
430 2194 473 2242 bt.
497 2191 593 2243 litteris
610 2208 664 2242 om.
683 2189 712 2243 S.
740 2217 771 2229 -
797 2192 923 2242 uictorias
940 2192 1165 2244 annualitudinis
1181 2209 1264 2244 causa

157 2265 277 2323 spectare
293 2259 381 2309 εἐεεεεεε
397 2257 512 2324 (529)]
531 2258 568 2309 ci.
587 2257 646 2309 biv.
665 2257 747 2322 XXV,
770 2260 982 2322 19559-14.
1012 2284 1044 2296 -
1075 2261 1142 2311 assius
1159 2276 1213 2311 om.
1231 2260 1263 2312 Ρ.

98 2351 130 2360 -
154 2324 235 2390 lluffu
250 2324 303 2375 ric.
319 2351 348 2363 -
364 2327 551 2394 corruptione
568 2329 637 2388 (orn.
654 2327 771 2388 nominc)
791 2325 820 2377 S.
837 2353 872 2365 ·-
891 2325 967 2391 Sylla
985 2327 1069 2394 coepit
1088 2326 1155 2378 Edd.
1170 2356 1204 2366 —
1223 2328 1265 2379 si·

99 2390 175 2457 byrro
193 2392 363 2457 (sap-silla)
382 2392 417 2442 G.
444 2420 479 2432 -
503 2395 603 2445 uocari
627 2394 702 2458 (sup.
721 2394 784 2444 add.
803 2395 838 2457 it)
862 2391 891 2444 S.
991 2395 1035 2443 28.
1066 2394 1170 2447 Martii
1192 2392 1264 2446 BGS

97 2475 162 2526 s-g.
183 2485 213 2495 -
231 2459 423 2527 nouumque
440 2459 468 2511 S.
487 2461 576 2512 -ita
594 2476 649 2512 οεεε.
667 2461 697 2512 Α.
714 2486 746 2498 -·
765 2477 795 2511 ss
814 2475 882 2528 agro
900 2475 954 2510 om.
968 2457 1028 2511 biv.
1046 2459 1063 2510 l.
1079 2477 1102 2511 c.
1126 2489 1156 2499 -
1178 2462 1262 2513 aeusi-

127 2629 171 2677 Μ.
194 2626 274 2677 buius
289 2625 491 2692 aestimationis]
507 2627 655 2693 Intelliges
705 2626 765 2678 lese
796 2627 920 2678 traderes
954 2639 1017 2675 nem
1046 2623 1117 2675 nibil
1148 2624 1200 2676 ille
1230 2626 1265 2677 de
1332 2660 1337 2667 ι

96 2693 238 2761 opinionis
270 2710 365 2746 coram
398 2694 444 2759 qui
477 2695 656 2759 pestilentiae
706 2693 835 2745 Cornelio
858 2692 930 2743 Rufo
951 2691 1079 2758 Sibylla,
1104 2695 1265 2757 quemsb.

97 2777 180 2814 crass
201 2761 284 2813 ludos
306 2760 451 2813 institutos
470 2777 532 2813 csse
551 2769 656 2828 putant.
707 2761 816 2813 Sullam
836 2761 1026 2811 tantummodo
1045 2767 1139 2812 vocet:
1167 2776 1202 2812 ue
1220 2776 1265 2812 se·

129 2829 205 2896 tuuc]
235 2829 254 2880 i.
272 2845 296 2881 e.
320 2845 353 2878 co
376 2836 500 2894 tempore
523 2845 577 2894 quo
597 2828 656 2881 ludi
707 2837 788 2880 nutus
804 2828 915 2894 quidem
934 2827 1061 2879 consulta
1079 2827 1175 2878 eedem
1192 2826 1265 2895 apud

96 2896 274 2963 Apollinares
291 2895 479 2948 celebrantur.
506 2895 584 2948 conl.
603 2896 656 2948 Ca·
707 2897 788 2948 illum
817 2896 963 2964 leguntur:
995 2909 1059 2946 εεεεεεε
1088 2897 1208 2961 primum
1237 2899 1267 2947 et

98 2964 555 3031 leudesium(Reul·Encycl.vol.
575 2965 611 3015 11.
629 2981 656 3030 p.
707 2964 821 3016 tertium
851 2967 995 3015 contracta
1022 2967 1088 3014 suut
1119 2962 1147 3014 in
1181 2978 1266 3014 unum

99 3034 171 3091 dale
195 3032 267 3084 Prid.
290 3031 359 3083 Non.
379 3032 427 3082 lul.
450 3032 520 3082 budi
539 3033 655 3099 Apellis.
707 3032 828 3083 secundo
853 3034 914 3083 loco
936 3030 1073 3097 positums
1108 3031 1141 3083 Ut
1164 3032 1265 3081 decess·

104 3101 202 3151 Cancer
217 3100 319 3151 medius
334 3100 437 3160 occidit,
454 3100 535 3150 calor.
706 3101 758 3151 uiri
781 3116 857 3150 sacra
878 3101 979 3151 Graece
997 3099 1052 3150 ritu
1070 3100 1192 3162 facerent
1216 3099 1265 3150 iir-

130 3185 209 3234 super
219 3169 307 3234 ipsuis
318 3204 324 3219 .
336 3165 484 3234 martirem]
498 3165 541 3217 Gi.
551 3165 656 3218 comm.
707 3183 757 3234 pue
773 3167 882 3217 bestiis.-
907 3165 1026 3233 Apollini
1043 3165 1107 3216 boas
1127 3174 1223 3217 aurata
1242 3172 1267 3218 st

99 3232 122 3299 l,
137 3239 183 3297 21,
198 3239 216 3285 2
232 3243 260 3287 et
276 3237 301 3284 4.
707 3234 795 3301 capris
811 3234 913 3284 duabus
931 3232 999 3284 albis
1013 3233 1126 3293 auratis,
1149 3233 1267 3284 bulonae

132 3304 161 3352 iss
181 3303 281 3353 aestiua
302 3299 413 3367 tropice]
436 3299 479 3352 Cl.
496 3298 601 3351 comm.
619 3299 658 3363 11,
707 3302 772 3352 boue
793 3300 898 3366 femina
923 3306 1030 3351 aurata.
1066 3299 1187 3365 Reliqua
1209 3299 1267 3351 vid.

99 3373 132 3428 t,
150 3372 175 3418 t.
206 3367 275 3418 lbisl.
293 3367 428 3434 l.a‚er.
454 3385 526 3419 nnnc
546 3370 657 3419 demum
709 3367 873 3421 infractio
891 3365 1041 3432 Apposit.

100 3434 186 3486 vislcc
217 3435 388 3486 blscmbium
426 3451 551 3501 errasse,
593 3452 656 3487 cum
741 3435 881 3497 uictoriae,
909 3450 963 3485 nass
986 3432 1146 3486 ualitudinis
1171 3431 1266 3500 causa]

99 3501 263 3569 scripserit:
292 3504 462 3571 atropice
485 3520 586 3555 uerno
611 3520 657 3554 sss-
708 3502 816 3569 Supra,
850 3503 866 3565 5
892 3505 935 3552 2⁵.
965 3499 1021 3552 iam
1050 3499 1135 3550 disits
1169 3500 1269 3568 praelii

98 3587 151 3637 quc
177 3570 215 3621 ud
241 3571 455 3623 austumnulc
483 3572 657 3637 tropicum,
709 3587 801 3629 causa,
822 3586 875 3620 εεεεεε
891 3567 1066 3637 pestilentiae.

98 3654 165 3704 pru:
194 3638 227 3689 ab
251 3638 467 3705 aequinoctio
490 3655 587 3690 uerno
611 3655 658 3689 us·
745 3636 833 3717 Sutia]
861 3635 908 3687 Sic
935 3635 988 3686 lroc
1011 3650 1109 3686 nemen
1134 3632 1270 3685 scribitur

97 3721 149 3774 qus
179 3706 216 3757 ad
245 3707 456 3757 auctumnuls
484 3706 657 3773 aequinoc-
709 3703 737 3755 ia
758 3705 887 3755 omnibus
905 3703 1029 3754 codd.et
1048 3701 1126 3762 edu..
1153 3709 1182 3753 et
1200 3700 1269 3753 lsnic

96 3774 190 3825 tissa.
226 3773 271 3824 (ll.
288 3771 357 3823 ibid.
374 3773 395 3833 Ι,
412 3777 503 3835 12‚1.‚
520 3772 567 3823 ubi
586 3773 658 3824 (ian-
710 3771 867 3836 scripturae
894 3769 1067 3836 suffragatur
1086 3767 1270 3835 etymologis.

98 3856 146 3891 cer
164 3838 270 3892 dicitur
290 3839 426 3905 tropicum
449 3840 571 3909 signam.
710 3838 750 3889 Gi.
771 3838 937 3890 Schneider.
948 3834 1194 3889 Elementarlebsc
1204 3835 1225 3884 l.
1243 3851 1270 3900 p.

131 3908 211 3960 scetis
244 3908 397 3976 fulgoribus
428 3908 552 3972 lustrant]
588 3906 659 3957 mire
709 3909 816 3972 ltsq.;
841 3904 1154 3967 Gerti=1·N.s.1‚su‚
1177 3907 1215 3951 16.
1237 3901 1268 3952 P.

99 3974 206 4028 dictum
226 3980 269 4027 cst
288 3990 352 4042 pro:
371 3976 409 4027 sis
424 3977 513 4040 falters
531 3977 559 4026 irs
577 3975 659 4026 vcsti-
715 3975 865 4031 Cornelius.
904 3975 947 4025 cui
977 3974 1090 4038 primum
1126 3985 1270 4050 cognomen

99 4043 172 4095 celer
204 4042 343 4122 Ricbtung
371 4045 429 4106 auf.
476 4041 661 4110 opponuntur
713 4042 807 4093 Sullae
825 4041 902 4101 (edd.
927 4045 996 4090 vett.
1020 4037 1136 4103 Syllae)
1161 4037 1271 4103 imposi-

100 4111 246 4162 transversi
261 4109 333 4160 rudis
352 4111 368 4172 5
386 4113 430 4160 ss.
711 4116 765 4161 turn
792 4117 838 4159 cst.
872 4106 983 4159 Charis.
1003 4105 1153 4165 1,1e‚4o.
1177 4120 1203 4171 p.
1227 4106 1270 4153 85.

132 4177 335 4247 Apollinaribus
363 4176 447 4243 litari]
478 4175 495 4226 i.
526 4191 549 4225 θ.
580 4189 661 4225 sacra
714 4177 883 4241 Sibyllam
907 4174 1047 4242 Epicadus
1075 4172 1108 4223 de
1133 4172 1271 4240 cognomi·

100 4242 162 4297 lieri
182 4244 258 4296 ludis
277 4242 496 4310 Apollinaribus.
530 4241 661 4293 Ceterum
711 4244 788 4295 ssibus
813 4244 852 4295 cit
873 4242 1039 4311 appellatum
1063 4241 1108 4308 qui
1131 4256 1162 4292 cr
1183 4239 1273 4306 Sibyl-

102 4311 175 4362 conl.
192 4312 245 4376 lll,
264 4316 291 4373 ⁵,
309 4313 334 4361 4.
712 4310 775 4361 lissis
792 4310 865 4362 libris
878 4313 964 4379 prima
980 4309 1167 4375 remanserit,
1181 4307 1275 4359 {lunda

132 4382 176 4431 st.
210 4379 317 4432 invenio
341 4377 490 4443 inlillcris]
517 4375 586 4426 Vide
609 4373 663 4425 Fe·
717 4377 858 4443 Syllum.

102 4451 175 4497 εῖεει
202 4446 222 4496 l.
251 4444 351 4496 xvsti.
375 4463 402 4511 p.
422 4448 481 4495 326.
517 4443 614 4495 Muall.
635 4450 663 4494 ct
747 4448 792 4495 28.
823 4446 876 4496 duo
900 4442 1047 4509 uolumina]
1079 4440 1177 4492 bivios
1204 4441 1223 4492 l.
1248 4456 1272 4489 c.

103 4512 236 4565 ΚΙεεεεεθεε.
253 4513 278 4565 l.
298 4529 325 4579 p.
341 4515 393 4563 25⁸
405 4529 447 4577 sq·
473 4511 595 4562 Zcunius
614 4510 663 4561 ud·
713 4512 801 4563 babet
831 4517 952 4563 tantums
988 4512 1031 4562 Es
1064 4509 1142 4561 buiur
1177 4507 1275 4559 Marcii

103 4581 209 4633 notavit
233 4580 452 4646 disputationem
474 4580 548 4631 banc
567 4580 601 4630 de
619 4578 663 4628 lu·
715 4580 816 4632 duobus
840 4577 1055 4628 carminibus.
1092 4575 1217 4625 Alterum
1241 4572 1272 4624 b.

44 4654 47 4671 ¹
104 4649 145 4700 dis
173 4647 387 4717 Apollinaribus
419 4653 560 4700 auctorem
594 4645 665 4696 bau·
715 4648 735 4699 1.
761 4649 1003 4697 commemoratur.
1042 4640 1102 4691 Vid.
1123 4639 1179 4691 ind.
1207 4655 1275 4691 suo·

105 4716 173 4769 risse
199 4733 235 4769 ex
258 4713 340 4767 bivio
359 4714 446 4778 XXV,
471 4719 511 4766 lu.
547 4712 665 4765 Rectius
717 4720 817 4767 torum.

105 4784 222 4839 dixisset
251 4781 362 4834 bivium
391 4781 442 4834 illo
475 4783 537 4834 loco
567 4781 665 4834 eadem
751 4780 878 4834 εοεεείεεεεεε
907 4776 984 4847 quae]
1014 4774 1134 4832 (iudicer
1162 4779 1276 4827 secutas

584 5014 618 5137 ‘t
