2812 5242
183 162 249 228 590
669 156 880 223 monebu

185 326 397 396 instaurandas
424 325 642 391 constrictione
669 326 747 390 vires
774 325 904 389 offerant
931 326 1117 407 aegrescenti
1146 325 1269 403 uinum,
1305 327 1364 391 nisi

186 414 298 499 [rigere
317 432 374 477 suo
398 411 508 475 lassata
531 418 654 493 cogeret
672 418 705 474 et
723 408 880 494 colligeret
900 409 1073 474 dissoluta?
1116 410 1158 474 Et
1179 431 1253 475 cum
1273 411 1364 487 lasso,

185 509 222 566 ut
250 498 329 574 dixi,
365 493 524 560 stomacho
555 494 627 559 nihil
651 494 816 559 adhibeant
843 494 991 571 calidum,
1023 515 1062 559 ne
1088 502 1204 559 creseat
1235 495 1365 561 ulterius

187 582 349 657 lassitudo,
376 579 477 645 esini
501 586 577 664 potu
598 600 660 643 non
682 578 862 676 prohibent,
884 578 1036 644 delectum
1058 580 1088 643 in
1110 580 1207 644 robur
1228 580 1286 645 hac
1310 602 1363 646 eu-

156 669 305 738 litatione
332 672 493 729 mutantes.
537 664 627 728 Dabo
651 664 732 728 ahud
755 664 900 730 indicium
924 664 1089 729 accidentis
1110 665 1181 729 uine
1202 684 1295 749 quam
1321 666 1363 729 in-

207 752 282 817 eniti
305 748 423 815 caloris.
465 750 541 814 Nam
564 749 589 813 si
610 748 679 833 quis
697 750 853 814 aconitum
873 750 1011 815 nesciens
1032 748 1177 827 hauserit,
1200 772 1264 814 nen
1287 772 1364 834 nege

188 774 302 905 haustu
321 856 392 900 eum
415 834 490 900 meri
513 833 635 918 plurimi
660 833 758 898 solere
779 835 890 899 curari.
935 834 1074 900 Inlusum
1097 835 1177 899 enim
1197 835 1364 901 viseerihus

187 922 281 989 trahit
308 921 347 985 ad
376 940 410 984 se
440 919 570 984 colerem
603 928 635 983 et
665 940 783 985 veneno
814 918 924 1004 frigide
952 921 1039 1005 quasi
1066 919 1197 984 calidum
1227 921 1287 985 iam
1318 942 1364 986 re·

188 1014 311 1094 pugnat
355 1003 388 1070 si
415 1025 488 1070 vero
513 1004 668 1069 aconitum
697 1006 797 1089 ipsum
826 1026 897 1070 cum
921 1005 991 1069 vine
1016 1005 1122 1070 tritum
1146 1007 1232 1090 potui
1257 1006 1363 1072 datum

158 1092 243 1170 erit,
275 1089 464 1155 haurientem
493 1088 575 1153 nulla
600 1089 719 1154 curatio
747 1111 765 1154 a
793 1099 892 1154 morte
920 1089 1064 1155 defendit.
1109 1091 1197 1154 Tune
1215 1091 1299 1156 enim
1321 1093 1363 1157 vi·

188 1196 261 1243 num
283 1184 391 1240 natura
415 1173 558 1258 frigidum
578 1173 766 1239 admixtione
785 1175 832 1239 sui
862 1173 957 1257 frigus
981 1177 1067 1240 aurit
1091 1175 1214 1252 veneni,
1249 1197 1308 1240 nee
1334 1178 1364 1242 in

189 1260 385 1328 interioribus
410 1260 469 1324 iam
494 1259 631 1336 calescit,
667 1261 829 1344 quianon
857 1260 987 1325 liberum
1017 1261 1071 1325 sed
1102 1259 1270 1325 admixtum
1304 1261 1364 1339 alii,

159 1347 283 1413 limme
309 1346 339 1409 in
366 1344 448 1409 aliud
472 1362 612 1421 versum,
649 1342 806 1409 descendit
831 1345 861 1408 in
880 1345 1004 1411 uiscera.
1051 1344 1110 1411 Sed
1134 1352 1165 1409 et
1182 1345 1299 1411 sudore
1320 1348 1364 1412 ni-

189 1431 251 1495 mio
277 1430 323 1494 vel
350 1427 451 1494 laxato
480 1437 585 1494 uentre
615 1428 742 1495 defessis
769 1430 873 1497 vinum
903 1431 1060 1514 ingerunt,
1095 1438 1130 1494 ut
1164 1430 1194 1493 in
1229 1439 1365 1516 utreque

188 1514 296 1580 morbo
324 1513 513 1597 constringat
538 1522 664 1580 meatus.
714 1517 890 1581 insomnem
921 1515 1031 1579 medici
1063 1514 1180 1599 frigidis
1207 1516 1363 1595 oblinunt,

189 1599 282 1665 medo
301 1598 459 1683 papaueris
480 1620 555 1664 auce
580 1600 673 1664 modo
695 1599 895 1684 mandragora
923 1599 968 1664 rel
993 1600 1158 1678 similibus,
1190 1602 1221 1665 in
1250 1602 1364 1697 quibus

188 1692 235 1751 est
254 1691 285 1748 et
304 1683 425 1749 vinum:
461 1705 531 1749 nam
554 1685 624 1749 vine
650 1705 776 1752 somnus
796 1684 899 1749 reduci
919 1685 1010 1762 solet,
1036 1685 1121 1769 qued
1145 1706 1207 1749 non
1235 1687 1296 1750 nisi
1318 1687 1362 1750 in-

158 1768 281 1856 8geniti
309 1766 429 1854 frigoris
456 1768 664 1835 testimonium
692 1779 747 1836 est
796 1769 917 1835 Deinde
950 1770 1052 1834 emnia
1085 1770 1181 1834 calida
1208 1772 1363 1837 Venerem

187 1863 357 1942 provocant
376 1863 407 1920 et
428 1875 532 1921 semen
551 1854 685 1919 excitant
705 1865 737 1920 et
756 1855 944 1940 generationi
966 1854 1082 1931 lavent,
1120 1856 1230 1920 hausto
1259 1865 1363 1922 autem

187 1961 272 2007 mero
298 1940 429 2025 plurimo
459 1939 537 2007 liunt
565 1939 621 2006 riri
645 1938 683 2007 ad
710 1941 826 2009 coitum
857 1941 1019 2026 pigriores:
1051 1941 1104 2005 scd
1133 1962 1188 2005 nee
1214 1940 1362 2008 idoneum

255 2109 334 2176 iarn.
355 2109 458 2162 lesu.

186 2192 291 2245 lurotu
311 2194 346 2245 ll.
366 2220 399 2233 -
421 2196 489 2246 nihil
506 2212 559 2247 em.
577 2196 607 2246 Ρ.
636 2224 664 2233 -
696 2199 867 2263 eeidepotu
887 2204 962 2263 (susp.
982 2199 998 2246 l’
1020 2194 1135 2257 uini)1l.
1240 2200 1264 2245 5.
1292 2198 1364 2246 occi-

187 2261 257 2313 dens
282 2261 313 2313 lt.
350 2264 493 2316 occidentis
520 2266 630 2330 magis
649 2264 675 2313 b.
704 2289 737 2301 -
768 2265 878 2332 ingenti
901 2265 933 2314 Ε.
969 2265 1096 2332 ingentis
1122 2277 1144 2310 v.
1172 2289 1204 2298 —
1231 2264 1365 2315 haustum

186 2329 284 2381 eund.
311 2330 494 2383 eumheustu
514 2331 583 2394 (om.
601 2330 673 2393 eum)
691 2327 720 2380 S·
809 2335 834 2380 6.
864 2331 1032 2383 admistione
1048 2329 1363 2398 r-g.—frigushuu-

187 2395 275 2449 sits.
297 2425 328 2437 -
348 2398 500 2449 erlmistusn
519 2412 579 2460 r-g.
683 2399 708 2443 1.
736 2397 847 2464 ingerit
869 2397 905 2447 vi.
943 2400 1094 2466 ingeritur
1114 2413 1172 2462 c-g.
1195 2424 1221 2433 -
1243 2398 1364 2464 ingenti

186 2462 342 2582 (addauss.
362 2464 435 2524 ob.
470 2461 604 2530 ingentis
626 2476 684 2527 v-g·
788 2466 813 2512 il.
845 2464 946 2514 Deinde
965 2465 1176 2517 nersneonruie
1196 2461 1225 2514 S.
1245 2482 1363 2531 -pro·

186 2539 291 2584 creant
335 2557 393 2581 .-
415 2531 460 2581 scd
475 2529 555 2580 hacc
571 2528 605 2576 ΙΙ.
626 2554 654 2564 -
680 2531 844 2594 conceptioni
862 2539 950 2582 serunt
969 2549 991 2581 s.
1027 2531 1311 2596 conceptioniscrunt
1329 2530 1363 2582 P.

220 2679 245 2730 ⁴.
281 2675 401 2740 ulterius]
421 2674 461 2724 Cl.
483 2691 506 2723 e.
524 2678 549 2724 8.
566 2675 579 2738 ξ
595 2677 638 2722 22
797 2678 978 2729 Dioscorides
1003 2680 1038 2740 V,
1062 2685 1100 2729 ll.
1127 2695 1234 2731 rsserrrm
1264 2681 1365 2733 dieunt

218 2748 244 2796 h.
279 2742 421 2794 accidentis
446 2743 506 2790 uine
527 2757 606 2806 quern
629 2742 746 2807 ingeniti
796 2745 919 2795 remedio
942 2760 1004 2795 esse
1028 2753 1056 2795 et
1082 2754 1178 2795 contra
1202 2748 1311 2798 ‹tie-utus
1333 2756 1364 2800 et

185 2808 290 2877 celeris]
317 2808 454 2858 lacertum
478 2813 522 2858 est
546 2806 574 2857 iu
595 2807 662 2858 edit.
682 2806 745 2873 Bip.
796 2819 889 2862 contro
913 2812 1040 2872 aconita,
1060 2812 1107 2861 ced
1133 2811 1228 2874 iidem,
1249 2815 1363 2866 Plinius

185 2877 288 2944 nugis,
315 2874 398 2939 lrlque
422 2889 487 2926 seue
512 2875 557 2926 rel
572 2875 662 2942 petius
678 2891 745 2941 suu·
797 2877 866 2937 lllV,
884 2882 910 2941 5,
928 2894 949 2927 ι.
964 2883 989 2925 1.
1010 2885 1038 2927 et
1056 2876 1136 2936 xxv,
1156 2880 1195 2937 13,
1216 2894 1237 2927 ι.
1257 2884 1311 2939 95,
1330 2890 1361 2931 et

185 2942 317 3011 piendum
334 2943 427 2994 estad
444 2942 662 3008 cusuparotivem
681 2957 744 3009 par·
797 2943 973 2995 Diereorides
997 2944 1046 3004 lV,
1065 2947 1120 3004 79„
1148 2951 1176 2993 et
1199 2942 1301 2994 Celsus
1326 2947 1360 3008 V,

185 3009 301 3061 ticularn
328 3027 421 3075 quern,
450 3009 505 3060 nisi
533 3010 622 3060 mavis
650 3011 744 3061 dicere
794 3010 1361 3074 ur,1³.eicuca·ntanturncernnreme-

184 3076 258 3126 hunc
284 3076 340 3127 uisu
368 3077 395 3128 in
423 3094 455 3129 cu
480 3078 541 3144 ipsu
565 3076 666 3130 inesse.
701 3077 743 3128 Cl.
796 3085 867 3132 rant.

184 3140 253 3192 Tse.
274 3142 341 3194 dnn.
361 3144 384 3210 l,
402 3148 443 3195 58.
465 3145 560 3197 Pucrrn
600 3161 669 3196 uurn
689 3146 744 3196 ter·
829 3146 912 3198 trehit
930 3145 966 3196 ud
987 3162 1041 3196 sere
1063 3142 1185 3208 colorem]
1206 3142 1292 3195 immo
1312 3162 1359 3196 es·

184 3210 238 3261 lurn
254 3210 549 3277 prebebunt,rrhivid.
614 3212 744 3279 portium,
796 3213 927 3266 citatrel
950 3221 1057 3276 irroret,
1088 3221 1118 3262 ut
1144 3210 1184 3260 ait
1207 3208 1308 3262 celsus
1328 3213 1357 3276 V,

184 3274 232 3343 qul
253 3278 339 3357 plura
363 3278 500 3330 eiusmodi
526 3278 654 3346 exempla
680 3296 745 3331 con·
795 3284 888 3342 une.
926 3278 1024 3345 lteque
1056 3279 1150 3330 vinum
1180 3294 1233 3328 nen
1266 3278 1357 3330 ursinus

205 3350 276 3395 essrt
304 3347 359 3398 uel.
390 3345 433 3396 lV.
464 3364 489 3412 p.
521 3349 597 3410 808.;
631 3344 743 3399 Cornel-
795 3346 851 3400 dici
874 3352 967 3415 potest
989 3347 1128 3409 calidum,
1154 3360 1236 3409 quarn
1265 3345 1356 3396 acosi-

183 3360 253 3479 Dee.
270 3412 378 3465 Datum.
396 3418 422 3478 8,
445 3416 466 3464 l.
494 3414 595 3467 asarota
618 3414 746 3483 congredi
796 3424 854 3466 turn
886 3413 1039 3479 frigidum:
1072 3406 1258 3479 θερμαντικὸν
1289 3410 1356 3463 dicit

184 3495 277 3546 gessur
306 3498 363 3533 cuns
393 3481 475 3533 tantis
501 3483 583 3548 copiis
610 3484 745 3550 refugere,
796 3479 977 3534 Dioscorides
1006 3482 1041 3546 V,
1066 3486 1103 3532 ll.
1139 3479 1248 3530 Plinius
1276 3479 1357 3542 XXV,

184 3545 233 3598 ebt
268 3546 324 3599 vid.
359 3547 536 3615 Oudendorp.
574 3554 603 3599 et
634 3547 744 3609 Brem·;
800 3552 839 3613 1³,
857 3566 878 3598 s.
898 3550 941 3598 95.
970 3544 1358 3612 llernediecrt,inquil,(ci·

184 3610 336 3667 Forcellln.
356 3631 378 3666 s.
398 3630 423 3665 r.
445 3631 550 3696 quern..
569 3615 745 3682 Quamquam
796 3621 891 3697 sutae)
903 3617 1060 3695 priusquam
1074 3616 1212 3683 perueniat
1230 3614 1266 3664 ud
1283 3615 1357 3694 uitu-

183 3688 404 3802 ttt'd‘ttltd
418 3681 747 3817 tttttthttr‘sstttfl
797 3682 1359 3818 tta,1²¹2}„,“ttt;“.·,‡5‚tt¹.·btt.·t⁰225:

218 3818 362 3883 aconitum]
390 3816 490 3881 „lluud
509 3816 594 3867 dublo
613 3818 746 3868 ucenitusn
797 3818 928 3870 stinetur.

184 3877 233 3931 lale
251 3880 441 3949 diciturquud
461 3883 535 3935 ullus
554 3885 648 3935 cicuta.
676 3881 746 3933 Nam
830 3887 855 3935 6.
891 3883 1052 3934 admistione
1076 3882 1128 3946 sus]
1147 3881 1207 3932 Vid·
1226 3882 1360 3950 prelegg.

187 3961 241 3997 nou
270 3950 352 4001 mode
379 3950 450 4017 apud
477 3949 621 4002 Plutarch.
650 3948 745 4014 Smp.
798 3967 824 4016 p.
841 3964 936 4000 xxxix.

187 4010 413 4082 111,e.[exrr.],
433 4018 505 4068 uude
527 4025 652 4068 uestrum
671 3966 746 4066 hsu·
830 4022 856 4065 t.
891 4013 1034 4082 papaueris
1052 4032 1112 4065 suce
1136 4015 1203 4081 coc]
1228 4012 1272 4064 cl.
1292 4031 1315 4065 c.
1333 4017 1360 4065 5.

187 4077 260 4132 sisse
276 4081 346 4135 sutis
363 4089 482 4144 constet,
501 4083 535 4134 de
552 4082 664 4149 κωνείῳ,
681 4082 710 4132 h.
722 4097 747 4133 e.
798 4083 814 4145 ς
831 4086 875 4133 26.
903 4080 978 4132 Cels.
997 4080 1027 4141 V,
1045 4084 1115 4144 25,1
1134 4087 1162 4132 et
1179 4085 1206 4131 2.

186 4148 288 4212 deute,
306 4165 397 4201 sermo
419 4155 478 4214 est,
501 4149 549 4200 sed
569 4150 655 4200 etism
673 4147 746 4213 qued
831 4154 857 4200 8.
893 4166 962 4200 erere
984 4148 1118 4267 plurima
1137 4147 1310 4200 Plutarchus
1330 4164 1359 4211 p.

186 4215 298 4267 aconito
326 4216 375 4268 hle
407 4216 502 4268 eadem
537 4216 580 4268 ris
614 4215 747 4267 tribuitur
797 4218 857 4266 652.
877 4215 909 4266 D.
929 4213 1013 4266 dicit=
1043 4213 1069 4265 el
1135 4209 1360 4274 πίνοντεςπολὺ

186 4297 268 4348 quam
287 4283 396 4336 cicutae
415 4283 500 4335 tribui
525 4285 570 4335 vel
594 4301 628 4334 es
652 4282 748 4334 Pluto·
797 4276 928 4347 ἄκρατον.

247 4349 399 4404 Phuedens
421 4358 538 4404 constat.
572 4349 652 4400 conl.
673 4349 746 4399 Mer·
830 4367 878 4400 nec
893 4350 1014 4400 idoneum
1030 4350 1190 4416 conceptioni
1207 4346 1307 4412 seruus]
1319 4347 1362 4398 le·

268 4417 286 4469 l.
303 4418 366 4470 Vsr.
385 4419 450 4471 lect.
486 4455 492 4468 .
514 4420 591 4468 ΗΠ*
610 4416 697 4467 zuen.
713 4441 746 4454 -·
797 4416 920 4481 gendum
939 4432 1001 4467 esse
1021 4416 1102 4466 ducet
1125 4423 1153 4467 et
1174 4431 1273 4466 sensus
1297 4413 1361 4479 ipse

75 4347 296 4656 *a
318 4482 351 4537 h.
369 4484 406 4537 u.
430 4436 541 4545 airu,
561 4486 591 4545 1,
611 4499 635 4534 s.
653 4484 695 4533 28.
719 4485 747 4532 et
797 4487 826 4534 et
842 4481 1023 4546 Plstsschus,
1040 4480 1089 4547 qut
1103 4482 1124 4534 l.
1140 4499 1165 4532 c.
1181 4480 1281 4534 hsbet:
1303 4478 1364 4532 rut
