2812 5242
103 136 168 202 600
575 126 787 192 uacuum!

103 325 195 388 quam
217 319 338 384 semper
360 294 504 382 quaesitu
524 293 648 378 dignam
670 295 790 381 putari,
814 314 869 359 cur
889 294 920 357 in
942 298 1099 380 Aegypto,
1132 315 1216 380 quae
1238 317 1285 362 re

102 389 227 473 gionum
249 385 377 448 aliarum
399 378 582 444 calidissima
600 388 663 455 cst,
685 380 788 446 rinum
812 400 876 443 non
897 378 994 442 calida
1017 378 1087 456 sed,
1115 400 1218 464 paene
1240 381 1285 445 di·

55 472 214 546 ldxerirn,
234 467 343 551 irigida
363 466 476 529 virtute
499 466 662 529 nascatur?
708 464 756 529 Ad
778 464 838 528 boo
860 463 1017 528 Disarius:
1042 464 1108 530 Usu
1133 464 1205 541 tibi,
1232 465 1284 531 ΔΙ-

102 556 190 632 bine,
216 559 406 636 compertum
430 556 476 612 est
498 568 594 634 aquas
615 570 695 634 quae
715 550 760 614 vei
784 549 823 613 de
843 548 912 613 aitis
936 549 1036 633 puteis
1056 547 1102 613 vei
1130 549 1170 614 de
1194 548 1283 615 fonti·

102 641 161 706 bus
187 637 372 702 hauriuntur
399 632 517 697 fumare
542 633 656 710 bieme,
691 643 806 699 aestate
834 632 1004 718 frigescere.
1049 633 1145 712 Quod
1170 634 1206 699 fit
1224 656 1286 700 non

103 724 161 790 alia
190 722 229 785 de
254 741 346 785 causa
375 718 433 783 nisi
461 718 545 801 quod
575 740 646 783 aere
668 718 721 802 qui
749 719 838 784 nobis
860 716 1062 782 circumfusus
1087 727 1136 783 est
1160 730 1286 804 propter

103 806 251 892 temporis
278 805 428 869 rationem
454 803 571 867 calente
600 803 695 887 frigus
724 804 754 868 in
780 813 929 868 terrarum
961 803 1020 866 ima
1044 803 1236 888 demergitur
1256 813 1288 870 et

104 912 200 977 aquas
229 889 325 954 inficit
347 907 476 973 quarum
501 888 532 953 in
553 887 615 953 imo
642 896 689 953 est
716 888 887 971 scaturigo:
921 895 953 951 et
980 897 1100 964 contra,
1135 911 1208 954 cum
1234 910 1287 954 aer

54 977 255 1063 taaepbicmcm
294 973 440 1060 praefert,
473 973 556 1036 caior
590 973 619 1036 in
654 971 796 1038 inferiora
831 973 1010 1057 demergens
1036 973 1125 1057 aquis
1159 973 1189 1038 in
1222 975 1285 1039 imo

56 1058 302 1126 linasccntibus
325 1058 378 1122 dat
401 1078 554 1142 vaporem.
599 1056 693 1136 Quod
717 1078 791 1143 ergo
812 1057 928 1142 ubique
952 1058 1119 1122 alternatur
1139 1058 1286 1124 varietate

104 1144 262 1229 temporis,
283 1142 342 1206 boo
361 1142 393 1205 in
413 1148 553 1227 Aegypto
574 1162 694 1227 semper
713 1152 770 1218 est,
792 1142 880 1207 euius
900 1162 953 1206 aer
972 1162 1092 1227 semper
1112 1152 1159 1208 est
1182 1143 1214 1208 in
1235 1165 1285 1209 ca·

104 1231 179 1296 iore.
224 1228 334 1311 Frigus
358 1227 438 1290 enim
470 1225 529 1290 ima
560 1237 666 1310 petens
689 1227 796 1293 vitium
818 1227 972 1292 radicibus
996 1226 1159 1292 involvitur
1184 1239 1218 1294 et
1238 1237 1285 1295 ta·

104 1314 165 1381 lem
187 1313 240 1377 dat
258 1311 433 1397 qualitatem
457 1332 532 1376 suco
553 1311 624 1377 inde
643 1312 790 1378 nascenti.
833 1313 908 1377 Ideo
929 1311 1062 1396 regionis
1081 1312 1197 1378 calidae
1215 1313 1285 1379 rina
1311 1386 1316 1395 ,

105 1400 208 1464 calore
232 1405 405 1461 caruerunt

58 1476 98 1542 ta
192 1484 355 1546 Tractatus
377 1490 496 1557 noster,
529 1481 660 1546 Albinus
689 1481 804 1567 inquit,
844 1482 936 1546 semei
964 1481 1118 1565 ingressus
1147 1479 1283 1547 calorem

106 1588 168 1632 non
198 1566 284 1629 iaeiio
312 1564 373 1629 aiio
398 1564 576 1648 digreditur.
620 1567 713 1631 Dicas
738 1586 809 1650 ergo
839 1566 924 1641 volo,
957 1586 1011 1630 our
1032 1565 1084 1649 qui
1111 1565 1141 1629 in
1168 1586 1283 1650 aquam

106 1650 264 1719 descendit
285 1649 421 1726 calidam,
445 1651 521 1713 sisa
543 1673 604 1714 non
628 1651 765 1727 moverit,
785 1650 887 1714 minus
909 1650 1019 1726 uritur,
1038 1649 1092 1713 sed
1115 1649 1140 1713 si
1164 1652 1285 1734 agitatu

106 1756 164 1803 tuo
185 1756 296 1820 aquam
315 1735 461 1811 moverit,
486 1735 629 1799 maiorem
652 1735 745 1800 sentit
764 1736 907 1811 calorem,
930 1745 961 1800 et
983 1733 1095 1799 totiens
1118 1754 1199 1818 aqua
1221 1736 1285 1801 urit

58 1819 238 1905 idamplius
268 1820 411 1903 quotiens
440 1840 538 1884 novus
563 1820 590 1883 ei
616 1828 717 1885 motus
742 1818 927 1884 accesserit?
977 1820 1019 1884 Et
1037 1819 1194 1884 Disarius:
1223 1821 1285 1887 Ca-

105 1904 181 1981 iida,
213 1904 328 1987 inquit,
355 1923 434 1987 quae
458 1903 630 1968 adbaeserit
655 1912 761 1970 nostro
780 1904 902 2002 corpori
923 1925 994 1967 mox
1015 1904 1141 1988 praebet
1163 1912 1281 1971 tactum

105 1986 153 2053 sui
178 1987 433 2063 mansuetiorem,
467 1989 513 2052 vel
536 1988 609 2073 quia
631 1990 692 2055 cuti
719 1989 859 2053 adsuerit
880 1989 926 2052 rel
952 1988 1024 2073 quia
1046 1988 1140 2072 frigus
1161 1992 1282 2077 accepit

105 2093 122 2138 a
145 2070 252 2136 nobis:
274 2080 376 2137 motus
401 2093 472 2137 vero
495 2094 604 2159 aquam
628 2095 736 2139 noram
758 2093 931 2161 semperne
951 2095 1060 2139 noram
1084 2074 1205 2160 corpori
1228 2075 1282 2141 ad·

177 2261 258 2327 [uu.
278 2264 383 2316 arsa.

176 2349 203 2397 9.
227 2347 372 2399 admoneo
389 2345 417 2396 S.
437 2345 513 2393 -in
532 2347 653 2413 Aegypto
672 2345 737 2412 ret]
757 2345 891 2397 cttttox.
909 2343 990 2409 1,51.
1009 2350 1038 2396 et
1057 2345 1093 2404 11,
1111 2350 1136 2395 6.
1154 2375 1184 2384 -
1205 2346 1285 2399 dixe·

105 2412 156 2464 rius
173 2413 277 2464 md.
381 2416 421 2463 10.
450 2411 493 2461 Aa
511 2411 641 2463 based.
669 2440 698 2451 -
730 2414 806 2463 Visu
827 2430 853 2465 r.
881 2439 913 2451 -
939 2414 1059 2463 ouibine
1077 2414 1107 2463 Α.
1138 2440 1172 2451 -
1197 2431 1286 2480 epuns

107 2479 173 2543 eet]
193 2478 430 2538 1111111156.
452 2503 482 2511 -
503 2478 545 2524 oei
565 2493 619 2527 om.
640 2480 670 2529 P.
692 2504 729 2516 ·-
753 2478 939 2543 ραοο1ατι11.
966 2504 997 2517 -
1026 2481 1140 2545 hyemem
1159 2497 1206 2531 uer
1222 2498 1285 2549 r-g.

105 2542 304 2608 inferiornPS.
338 2541 565 2594 interiornEdd.
585 2543 644 2591 ΛΙΙ.
750 2548 789 2592 11.
819 2547 951 2595 cuius...
973 2554 1012 2596 est
1033 2563 1087 2596 orn.
1106 2547 1136 2596 Ρ.
1244 2554 1285 2602 11.

106 2609 269 2720 ἑκεάνοαίαᾶτ
293 2606 372 2720 Pf
426 2605 482 2653 iin
500 2620 596 2682 apuam
616 2607 749 2659 descendit
768 2610 884 2689 eniidnpr
900 2613 964 2689 cub]
983 2612 1025 2690 01.
1041 2614 1116 2663 dien.
1134 2613 1156 2676 Ι,
1176 2619 1234 2666 111.
1253 2643 1287 2656 -

104 2674 221 2806 {tbi
242 2673 747 2804 3’1ἕ1111....ἰ1”31ἵ’111.-
767 2677 945 2805 diff
964 2679 1286 2801 ‘⁰³⁴‘i‘tsnttn‘itt‘f

137 2917 162 2963 9.
198 2912 337 2980 regionum
358 2912 473 2962 oliorum
491 2912 667 2980 calidissimo]
717 2913 827 2964 ruirnte.
872 2911 948 2962 dien.
974 2910 993 2960 Ι.
1017 2928 1056 2960 es
1086 2912 1137 2963 τοῦ
1168 2921 1283 2981 ψυχροῦ

103 2978 259 3033 Dicendum
278 2985 338 3028 orat
354 2987 403 3029 aut
418 2979 557 3030 omniurn
575 2982 668 3047 regio-
719 2975 933 3044 ἐπικρατοῦντος
951 2974 980 3028 ἒν
998 2977 1036 3048 τῷ
1056 2973 1124 3043 ἀέρι.

103 3062 167 3098 num
204 3046 369 3096 calidissime
409 3053 457 3096 aut
496 3048 668 3115 regionibus
752 3046 886 3113 euperem]
909 3046 1124 3098 incuterem.
1159 3046 1203 3098 Gi.
1227 3048 1285 3103 Lu-

104 3114 177 3164 11ὶί11
198 3113 330 3164 calidior.
368 3111 450 3163 (ibe.
473 3116 587 3177 1152.
623 3114 669 3166 Si·
720 3114 913 3173 trouhout.
946 3115 1061 3176 Aestilcr
1083 3116 1216 3182 ignienti
1241 3121 1284 3170 iu-

104 3179 185 3232 miliu
209 3181 342 3245 teguntur
366 3180 439 3244 apud
468 3181 608 3245 Graecos,
639 3189 669 3232 ut
720 3198 778 3234 uren
797 3181 959 3247 incitatque
983 3198 1150 3246 euperem,
1169 3185 1206 3234 ui.

104 3246 178 3327 epod
203 3246 337 3297 Herodot.
364 3247 409 3307 li,
432 3249 470 3297 14.
496 3238 532 3300 Ἠ
554 3245 607 3314 γὰρ
633 3244 668 3314 dei
756 3252 797 3299 11.
833 3249 937 3314 uitium]
967 3249 1109 3313 appositio
1136 3258 1180 3300 est
1207 3253 1284 3305 rucis

102 3330 155 3432 αρν
178 3330 207 3380 γε
229 3303 307 3442 ρέτοι
331 3307 579 3430 viansensis-utu
604 3332 671 3432 τριρ-
716 3317 827 3435 frigus,
849 3324 879 3366 ut
897 3316 957 3366 iere
977 3316 1052 3367 idern
1074 3317 1167 3368 voiest
1187 3333 1220 3369 nc
1239 3337 1283 3371 ens

103 3397 211 3432 nuno
258 3396 338 3431 ονται
443 3398 545 3440 eron
569 3398 635 3433 τεα
659 3411 670 3420 -
721 3400 829 3435 urruns.

105 3450 170 3498 isso
194 3397 356 3513 dbbpoinoso
379 3395 510 3498 inivimus
533 3447 580 3499 nui
606 3449 670 3500 τῶν
755 3448 908 3514 caruerunt]
925 3447 944 3498 i.
962 3465 985 3499 e.
1005 3449 1109 3500 iactum
1129 3457 1216 3499 estut
1236 3469 1284 3501 cn-

105 3515 237 3566 iosuoiv
254 3513 417 3581 Αἰγυπτίων,
434 3520 462 3564 et
480 3509 600 3575 161.Ὃρ
615 3511 671 3582 ἐγέ-
722 3522 811 3576 renni,
826 3509 1030 3581 ἀπεστέρηνται.
1049 3515 1091 3564 Cf.
1110 3534 1134 3565 e.
1153 3521 1192 3579 10,
1206 3518 1219 3579 t
1232 3521 1281 3579 11,

105 3597 167 3633 veto
180 3576 493 3645 εὐδαιμονέστατος
516 3583 580 3633 τῶν
594 3579 671 3647 πρό·
722 3593 751 3636 et
767 3601 791 3635 ο.
808 3589 835 3645 9,
856 3585 872 3645 §
893 3586 931 3632 12.
952 3585 1034 3632 inesse
1052 3599 1103 3632 non
1118 3584 1228 3648 potuit.

105 3663 210 3713 τερον
241 3642 387 3713 βασιλήων.
431 3647 562 3716 Thucyd.
588 3650 618 3710 1,
649 3654 670 3700 1.
758 3656 798 3702 ta.
837 3651 1018 3701 iinctntus..
1037 3649 1199 3716 digreditur]
1223 3650 1283 3704 tio.

106 3707 393 3780 ἀξιολογώτατον
420 3715 484 3767 τῶν
509 3732 671 3782 προγεγε-
724 3719 855 3787 proiegg.
876 3734 903 3782 p.
922 3731 990 3766 xnrr.

106 3776 270 3844 νημένων.
305 3782 464 3832 Alexander
482 3782 510 3844 1,
528 3788 584 3845 bt,
603 3785 671 3835 sirn-
756 3787 893 3853 ingressor
914 3782 1035 3850 retorem]
1061 3782 1080 3833 i.
1099 3800 1124 3834 o·
1151 3784 1185 3835 ud
1206 3785 1283 3836 coio-

107 3846 226 3910 piicius:
246 3843 407 3916 θερμοτᾶτῃ
424 3843 502 3916 οὔσῃ.
723 3868 782 3904 rem
803 3866 962 3902 conversus.

140 3929 193 3961 non
218 3912 309 3962 calida
328 3950 352 3963 ..
371 3916 480 3981 nutura]
510 3917 670 3967 Athenaeus
758 3924 799 3971 1³.
834 3926 933 3971 turtum
949 3917 1003 3983 sus]
1023 3916 1066 3967 Cf.
1086 3923 1149 3978 ub,
1166 3918 1179 3982 i
1199 3921 1239 3969 lt.
1256 3924 1284 3970 et

106 3976 158 4042 qni
178 3978 207 4039 1,
227 3980 322 4057 bib-de
340 3980 414 4033 vinis
433 3983 582 4050 Aegyptiis
599 3983 670 4049 ugit,
721 3987 778 4038 vid.
804 3986 934 4052 proiegg.
959 4003 986 4052 p.
1008 4000 1102 4035 xxxta.
1137 3984 1180 4035 Gi.
1208 3987 1285 4037 dien.

106 4045 142 4095 de
165 4044 318 4095 Mareotico
341 4053 447 4100 tanturn
473 4050 556 4101 dicit:
586 4066 671 4116 κεφα-
721 4055 816 4116 Lm.
835 4047 934 4105 Οὗκέτι
949 4047 1197 4116 αἰσθανόμεθα
1213 4046 1283 4104 αὐτὸ

106 4111 156 4176 λῆς
174 4105 207 4162 ori
221 4109 454 4193 Ικαθικνούμενος.
721 4115 829 4185 θερμὸν
853 4113 943 4185 ὥσπερ
967 4119 1014 4170 καὶ
1036 4114 1064 4201 {i
1081 4113 1168 4184 ἀρχῆς
1186 4114 1232 4169 11ιοῖ
1251 4117 1284 4170 τὸ

142 4183 182 4229 lo.
217 4196 245 4229 sn
271 4185 401 4231 terrorum
427 4179 491 4246 sinn]
519 4181 580 4232 i'id.
605 4199 671 4247 pro·
721 4186 932 4253 καθαιρεθῆναι
958 4183 1009 4252 τὴν
1039 4202 1157 4252 αμετρον
1182 4182 1284 4251 θερμό-

107 4244 183 4313 iegg.
209 4264 234 4311 p.
260 4263 353 4299 xxxix.
372 4249 538 4300 medidies.
557 4249 586 4313 Ι,
609 4253 669 4299 boa
720 4268 799 4317 τητα.

106 4309 144 4370 εἰς
162 4309 194 4362 τὸ
213 4310 314 4379 βάθος.
755 4321 819 4385 puin
838 4320 893 4370 cuti
910 4320 1036 4385 assuevit]
1052 4318 1207 4371 Dicendum
1223 4327 1285 4370 erut

136 4395 198 4456 pum
226 4397 273 4432 uer
302 4382 412 4433 biennem
440 4380 570 4446 prosim]
601 4381 619 4432 i.
646 4398 670 4433 c.
721 4386 786 4451 quin
813 4387 886 4438 eutis
915 4389 1031 4438 111111εοί1
1063 4388 1109 4437 vel
1138 4388 1202 4453 puio
1231 4387 1285 4438 euti

107 4441 230 4509 frigidus
257 4453 315 4511 est,
342 4462 405 4499 nam
431 4447 581 4515 opponitur
609 4464 671 4502 uere
721 4460 869 4506 consuetu
902 4462 959 4506 est.
1002 4452 1081 4506 diez.
1103 4452 1123 4504 1.
1147 4470 1171 4504 ο.
1199 4451 1283 4506 dicits
