<?xml version="1.0" encoding="UTF-8"?>
<!DOCTYPE html PUBLIC "-//W3C//DTD XHTML 1.0 Transitional//EN"
    "http://www.w3.org/TR/xhtml1/DTD/xhtml1-transitional.dtd">
<html xmlns="http://www.w3.org/1999/xhtml" xml:lang="en" lang="en">
 <head>
  <title>
</title>
<meta http-equiv="Content-Type" content="text/html;charset=utf-8" />
  <meta name='ocr-system' content='tesseract 3.04.00' />
  <meta name='ocr-capabilities' content='ocr_page ocr_carea ocr_par ocr_line ocrx_word'/>
</head>
<body>
  <div class='ocr_page' id='page_1' title='image "./operaquaesupers01macrgoog/operaquaesupers01macrgoog_0632.png"; bbox 0 0 2812 5242; ppageno 0'>
   <div class='ocr_carea' id='block_1_1' title="bbox 308 489 1262 559">
    <p class='ocr_par' dir='ltr' id='par_1_1' title="bbox 308 489 1262 559">
     <span class='ocr_line' id='line_1_1' title="bbox 308 489 1262 559; baseline 0.001 -1"><span class='ocrx_word' id='word_1_1' title='bbox 308 489 670 559; x_wconf 76' lang='lat' dir='ltr'><strong>saruunnuluuuu</strong></span> <span class='ocrx_word' id='word_1_2' title='bbox 690 489 768 554; x_wconf 81' lang='lat' dir='ltr'><strong>LIB.</strong></span> <span class='ocrx_word' id='word_1_3' title='bbox 791 489 858 556; x_wconf 91' lang='lat' dir='ltr'><strong>llll.</strong></span> <span class='ocrx_word' id='word_1_4' title='bbox 880 490 970 557; x_wconf 79' lang='lat' dir='ltr'><strong>CAP.</strong></span> <span class='ocrx_word' id='word_1_5' title='bbox 987 491 1044 559; x_wconf 84' lang='lat' dir='ltr'><strong>IX.</strong></span> <span class='ocrx_word' id='word_1_6' title='bbox 1198 491 1262 559; x_wconf 78' lang='lat' dir='ltr'><strong>tou</strong></span> 
     </span>
    </p>
   </div>
   <div class='ocr_carea' id='block_1_2' title="bbox 91 658 1319 2607">
    <p class='ocr_par' dir='ltr' id='par_1_2' title="bbox 91 658 1319 2607">
     <span class='ocr_line' id='line_1_2' title="bbox 91 658 1315 729; baseline -0.003 0"><span class='ocrx_word' id='word_1_7' title='bbox 91 660 315 729; x_wconf 76' lang='lat' dir='ltr'><strong>contrarietatis</strong></span> <span class='ocrx_word' id='word_1_8' title='bbox 337 678 445 723; x_wconf 88' lang='lat' dir='ltr'><strong>ausum</strong></span> <span class='ocrx_word' id='word_1_9' title='bbox 467 659 513 724; x_wconf 84' lang='lat' dir='ltr'><strong>vcl</strong></span> <span class='ocrx_word' id='word_1_10' title='bbox 534 660 626 724; x_wconf 86' lang='lat' dir='ltr'><strong>vestri</strong></span> <span class='ocrx_word' id='word_1_11' title='bbox 649 658 712 723; x_wconf 91' lang='lat' dir='ltr'><strong>oris</strong></span> <span class='ocrx_word' id='word_1_12' title='bbox 732 667 805 723; x_wconf 88' lang='lat' dir='ltr'><strong>nota</strong></span> <span class='ocrx_word' id='word_1_13' title='bbox 823 659 1017 724; x_wconf 80' lang='lat' dir='ltr'><strong>volubilitas?</strong></span> <span class='ocrx_word' id='word_1_14' title='bbox 1060 659 1102 724; x_wconf 88' lang='lat' dir='ltr'><strong>Et</strong></span> <span class='ocrx_word' id='word_1_15' title='bbox 1120 658 1261 724; x_wconf 87' lang='lat' dir='ltr'><strong>Disarius</strong></span> <span class='ocrx_word' id='word_1_16' title='bbox 1275 661 1315 725; x_wconf 88' lang='lat'><strong>10</strong></span> 
     </span>
     <span class='ocr_line' id='line_1_3' title="bbox 92 744 1261 828; baseline -0.006 -14"><span class='ocrx_word' id='word_1_17' title='bbox 92 748 251 814; x_wconf 81' lang='lat' dir='ltr'><strong>renidens:</strong></span> <span class='ocrx_word' id='word_1_18' title='bbox 284 744 372 808; x_wconf 83' lang='lat' dir='ltr'><strong>Retia</strong></span> <span class='ocrx_word' id='word_1_19' title='bbox 397 744 509 828; x_wconf 91' lang='lat' dir='ltr'><strong>quibus</strong></span> <span class='ocrx_word' id='word_1_20' title='bbox 531 764 579 807; x_wconf 86' lang='lat' dir='ltr'><strong>ma</strong></span> <span class='ocrx_word' id='word_1_21' title='bbox 600 744 770 809; x_wconf 85' lang='lat' dir='ltr'><strong>involutum</strong></span> <span class='ocrx_word' id='word_1_22' title='bbox 794 752 880 808; x_wconf 89' lang='lat' dir='ltr'><strong>tenes</strong></span> <span class='ocrx_word' id='word_1_23' title='bbox 901 744 991 809; x_wconf 92' lang='lat' dir='ltr'><strong>nimis</strong></span> <span class='ocrx_word' id='word_1_24' title='bbox 1013 763 1081 807; x_wconf 87' lang='lat' dir='ltr'><strong>rara</strong></span> <span class='ocrx_word' id='word_1_25' title='bbox 1104 750 1194 821; x_wconf 89' lang='lat' dir='ltr'><strong>sunt,</strong></span> <span class='ocrx_word' id='word_1_26' title='bbox 1216 744 1261 808; x_wconf 92' lang='lat' dir='ltr'><strong>ni-</strong></span> 
     </span>
     <span class='ocr_line' id='line_1_4' title="bbox 93 829 1315 918; baseline 0 -21"><span class='ocrx_word' id='word_1_27' title='bbox 93 834 151 898; x_wconf 91' lang='lat' dir='ltr'><strong>mis</strong></span> <span class='ocrx_word' id='word_1_28' title='bbox 173 831 290 918; x_wconf 88' lang='lat' dir='ltr'><strong>patula:</strong></span> <span class='ocrx_word' id='word_1_29' title='bbox 325 849 396 892; x_wconf 88' lang='lat' dir='ltr'><strong>ecoe</strong></span> <span class='ocrx_word' id='word_1_30' title='bbox 417 848 478 904; x_wconf 88' lang='lat' dir='ltr'><strong>me,</strong></span> <span class='ocrx_word' id='word_1_31' title='bbox 500 830 672 914; x_wconf 79' lang='lat' dir='ltr'><strong>Euangele,</strong></span> <span class='ocrx_word' id='word_1_32' title='bbox 696 830 761 893; x_wconf 88' lang='lat' dir='ltr'><strong>sina</strong></span> <span class='ocrx_word' id='word_1_33' title='bbox 783 829 853 893; x_wconf 95' lang='lat' dir='ltr'><strong>nisu</strong></span> <span class='ocrx_word' id='word_1_34' title='bbox 876 829 946 892; x_wconf 89' lang='lat' dir='ltr'><strong>inde</strong></span> <span class='ocrx_word' id='word_1_35' title='bbox 968 836 1141 913; x_wconf 85' lang='lat' dir='ltr'><strong>exemptum</strong></span> <span class='ocrx_word' id='word_1_36' title='bbox 1162 829 1315 913; x_wconf 75' lang='lat' dir='ltr'><strong>vide-[arat</strong></span> 
     </span>
     <span class='ocr_line' id='line_1_5' title="bbox 92 913 1312 1000; baseline -0.005 -17"><span class='ocrx_word' id='word_1_37' title='bbox 92 918 148 983; x_wconf 82' lang='lat' dir='ltr'><strong>lsis.</strong></span> <span class='ocrx_word' id='word_1_38' title='bbox 194 917 283 1000; x_wconf 92' lang='lat' dir='ltr'><strong>Opus</strong></span> <span class='ocrx_word' id='word_1_39' title='bbox 307 923 435 977; x_wconf 85' lang='lat' dir='ltr'><strong>naturae</strong></span> <span class='ocrx_word' id='word_1_40' title='bbox 463 921 510 976; x_wconf 92' lang='lat' dir='ltr'><strong>est</strong></span> <span class='ocrx_word' id='word_1_41' title='bbox 537 923 572 976; x_wconf 92' lang='lat' dir='ltr'><strong>ut</strong></span> <span class='ocrx_word' id='word_1_42' title='bbox 599 932 722 978; x_wconf 88' lang='lat' dir='ltr'><strong>sensum</strong></span> <span class='ocrx_word' id='word_1_43' title='bbox 744 913 790 977; x_wconf 86' lang='lat' dir='ltr'><strong>vel</strong></span> <span class='ocrx_word' id='word_1_44' title='bbox 814 913 942 978; x_wconf 92' lang='lat' dir='ltr'><strong>nimium</strong></span> <span class='ocrx_word' id='word_1_45' title='bbox 968 913 1047 978; x_wconf 85' lang='lat' dir='ltr'><strong>sicoa</strong></span> <span class='ocrx_word' id='word_1_46' title='bbox 1067 914 1111 979; x_wconf 85' lang='lat' dir='ltr'><strong>vel</strong></span> <span class='ocrx_word' id='word_1_47' title='bbox 1134 913 1312 978; x_wconf 92' lang='lat' dir='ltr'><strong>nimiumll</strong></span> 
     </span>
     <span class='ocr_line' id='line_1_6' title="bbox 93 998 1263 1146; baseline -0.006 -78"><span class='ocrx_word' id='word_1_48' title='bbox 93 1003 234 1067; x_wconf 86' lang='lat' dir='ltr'><strong>humecta</strong></span> <span class='ocrx_word' id='word_1_49' title='bbox 263 1019 325 1062; x_wconf 91' lang='lat' dir='ltr'><strong>non</strong></span> <span class='ocrx_word' id='word_1_50' title='bbox 349 999 478 1083; x_wconf 83' lang='lat' dir='ltr'><strong>capiant.</strong></span> <span class='ocrx_word' id='word_1_51' title='bbox 524 998 603 1062; x_wconf 90' lang='lat' dir='ltr'><strong>Ossa</strong></span> <span class='ocrx_word' id='word_1_52' title='bbox 628 998 735 1063; x_wconf 85' lang='lat' dir='ltr'><strong>dantes</strong></span> <span class='ocrx_word' id='word_1_53' title='bbox 756 1018 827 1061; x_wconf 86' lang='lat' dir='ltr'><strong>eum</strong></span> <span class='ocrx_word' id='word_1_54' title='bbox 853 999 1007 1146; x_wconf 71' lang='lat' dir='ltr'><strong>unpuibus</strong></span> <span class='ocrx_word' id='word_1_55' title='bbox 1029 1006 1060 1062; x_wconf 93' lang='lat' dir='ltr'><strong>et</strong></span> <span class='ocrx_word' id='word_1_56' title='bbox 1083 998 1197 1083; x_wconf 85' lang='lat' dir='ltr'><strong>capillis</strong></span> <span class='ocrx_word' id='word_1_57' title='bbox 1218 998 1263 1061; x_wconf 93' lang='lat' dir='ltr'><strong>ni-</strong></span> 
     </span>
     <span class='ocr_line' id='line_1_7' title="bbox 93 1082 1263 1166; baseline -0.004 -14"><span class='ocrx_word' id='word_1_58' title='bbox 93 1087 152 1152; x_wconf 91' lang='lat' dir='ltr'><strong>mia</strong></span> <span class='ocrx_word' id='word_1_59' title='bbox 183 1085 320 1150; x_wconf 71' lang='lat' dir='ltr'>siccitate</span> <span class='ocrx_word' id='word_1_60' title='bbox 351 1084 392 1146; x_wconf 87' lang='lat' dir='ltr'><strong>ita</strong></span> <span class='ocrx_word' id='word_1_61' title='bbox 422 1083 547 1147; x_wconf 89' lang='lat' dir='ltr'><strong>denseta</strong></span> <span class='ocrx_word' id='word_1_62' title='bbox 581 1091 654 1146; x_wconf 87' lang='lat' dir='ltr'><strong>sunt</strong></span> <span class='ocrx_word' id='word_1_63' title='bbox 679 1091 714 1147; x_wconf 95' lang='lat' dir='ltr'><strong>ut</strong></span> <span class='ocrx_word' id='word_1_64' title='bbox 739 1084 936 1166; x_wconf 82' lang='lat' dir='ltr'><strong>penetrabile</strong></span> <span class='ocrx_word' id='word_1_65' title='bbox 965 1104 1027 1146; x_wconf 94' lang='lat' dir='ltr'><strong>non</strong></span> <span class='ocrx_word' id='word_1_66' title='bbox 1055 1082 1116 1146; x_wconf 93' lang='lat' dir='ltr'><strong>sint</strong></span> <span class='ocrx_word' id='word_1_67' title='bbox 1142 1083 1263 1147; x_wconf 80' lang='lat' dir='ltr'><strong>effectui</strong></span> 
     </span>
     <span class='ocr_line' id='line_1_8' title="bbox 93 1167 1263 1254; baseline -0.004 -18"><span class='ocrx_word' id='word_1_68' title='bbox 93 1171 212 1236; x_wconf 89' lang='lat' dir='ltr'><strong>animae</strong></span> <span class='ocrx_word' id='word_1_69' title='bbox 237 1170 289 1254; x_wconf 89' lang='lat' dir='ltr'><strong>qui</strong></span> <span class='ocrx_word' id='word_1_70' title='bbox 318 1188 440 1233; x_wconf 88' lang='lat' dir='ltr'><strong>sensum</strong></span> <span class='ocrx_word' id='word_1_71' title='bbox 467 1167 636 1231; x_wconf 83' lang='lat' dir='ltr'>ministrat:</span> <span class='ocrx_word' id='word_1_72' title='bbox 669 1168 762 1252; x_wconf 86' lang='lat' dir='ltr'><strong>adeps</strong></span> <span class='ocrx_word' id='word_1_73' title='bbox 783 1168 913 1232; x_wconf 80' lang='lat' dir='ltr'>medulla</span> <span class='ocrx_word' id='word_1_74' title='bbox 937 1175 969 1232; x_wconf 91' lang='lat' dir='ltr'><strong>ct</strong></span> <span class='ocrx_word' id='word_1_75' title='bbox 988 1168 1145 1231; x_wconf 88' lang='lat' dir='ltr'><strong>oerebmm</strong></span> <span class='ocrx_word' id='word_1_76' title='bbox 1170 1167 1212 1231; x_wconf 91' lang='lat' dir='ltr'><strong>ita</strong></span> <span class='ocrx_word' id='word_1_77' title='bbox 1232 1167 1263 1231; x_wconf 90' lang='lat' dir='ltr'><strong>in</strong></span> 
     </span>
     <span class='ocr_line' id='line_1_9' title="bbox 92 1251 1263 1338; baseline -0.003 -18"><span class='ocrx_word' id='word_1_78' title='bbox 92 1256 223 1320; x_wconf 89' lang='lat' dir='ltr'><strong>humore</strong></span> <span class='ocrx_word' id='word_1_79' title='bbox 245 1265 338 1338; x_wconf 89' lang='lat' dir='ltr'><strong>atqua</strong></span> <span class='ocrx_word' id='word_1_80' title='bbox 362 1253 491 1317; x_wconf 87' lang='lat' dir='ltr'><strong>mollitia</strong></span> <span class='ocrx_word' id='word_1_81' title='bbox 518 1260 590 1315; x_wconf 90' lang='lat' dir='ltr'><strong>sunt</strong></span> <span class='ocrx_word' id='word_1_82' title='bbox 618 1260 655 1315; x_wconf 90' lang='lat' dir='ltr'><strong>ut</strong></span> <span class='ocrx_word' id='word_1_83' title='bbox 686 1251 817 1316; x_wconf 86' lang='lat' dir='ltr'><strong>eundem</strong></span> <span class='ocrx_word' id='word_1_84' title='bbox 850 1254 991 1317; x_wconf 84' lang='lat' dir='ltr'><strong>effectum</strong></span> <span class='ocrx_word' id='word_1_85' title='bbox 1022 1252 1141 1316; x_wconf 86' lang='lat' dir='ltr'><strong>animan</strong></span> <span class='ocrx_word' id='word_1_86' title='bbox 1171 1272 1263 1338; x_wconf 85' lang='lat' dir='ltr'><strong>quem</strong></span> 
     </span>
     <span class='ocr_line' id='line_1_10' title="bbox 94 1336 1316 1422; baseline -0.003 -17"><span class='ocrx_word' id='word_1_87' title='bbox 94 1341 214 1405; x_wconf 79' lang='lat' dir='ltr'><strong>siccitas</strong></span> <span class='ocrx_word' id='word_1_88' title='bbox 234 1338 283 1401; x_wconf 87' lang='lat' dir='ltr'><strong>illa</strong></span> <span class='ocrx_word' id='word_1_89' title='bbox 303 1358 366 1401; x_wconf 92' lang='lat' dir='ltr'><strong>non</strong></span> <span class='ocrx_word' id='word_1_90' title='bbox 388 1337 496 1422; x_wconf 78' lang='lat' dir='ltr'><strong>recipit</strong></span> <span class='ocrx_word' id='word_1_91' title='bbox 517 1336 659 1401; x_wconf 88' lang='lat' dir='ltr'><strong>mollities</strong></span> <span class='ocrx_word' id='word_1_92' title='bbox 680 1336 737 1401; x_wconf 91' lang='lat' dir='ltr'><strong>ista</strong></span> <span class='ocrx_word' id='word_1_93' title='bbox 758 1357 821 1400; x_wconf 93' lang='lat' dir='ltr'><strong>non</strong></span> <span class='ocrx_word' id='word_1_94' title='bbox 847 1344 959 1403; x_wconf 86' lang='lat' dir='ltr'><strong>teneat.</strong></span> <span class='ocrx_word' id='word_1_95' title='bbox 1001 1337 1076 1401; x_wconf 89' lang='lat' dir='ltr'><strong>ldeo</strong></span> <span class='ocrx_word' id='word_1_96' title='bbox 1100 1345 1163 1402; x_wconf 85' lang='lat' dir='ltr'><strong>tam</strong></span> <span class='ocrx_word' id='word_1_97' title='bbox 1190 1337 1316 1401; x_wconf 76' lang='lat' dir='ltr'><strong>den-12</strong></span> 
     </span>
     <span class='ocr_line' id='line_1_11' title="bbox 93 1421 1264 1507; baseline -0.003 -18"><span class='ocrx_word' id='word_1_98' title='bbox 93 1424 177 1489; x_wconf 89' lang='lat' dir='ltr'><strong>tibus</strong></span> <span class='ocrx_word' id='word_1_99' title='bbox 194 1422 349 1506; x_wconf 80' lang='lat' dir='ltr'><strong>unguibus</strong></span> <span class='ocrx_word' id='word_1_100' title='bbox 370 1423 492 1486; x_wconf 88' lang='lat' dir='ltr'><strong>ossibus</strong></span> <span class='ocrx_word' id='word_1_101' title='bbox 513 1430 545 1485; x_wconf 87' lang='lat' dir='ltr'><strong>et</strong></span> <span class='ocrx_word' id='word_1_102' title='bbox 564 1442 598 1486; x_wconf 87' lang='lat' dir='ltr'><strong>ca</strong></span> <span class='ocrx_word' id='word_1_103' title='bbox 621 1421 680 1485; x_wconf 90' lang='lat' dir='ltr'><strong>illis</strong></span> <span class='ocrx_word' id='word_1_104' title='bbox 703 1441 795 1507; x_wconf 86' lang='lat' dir='ltr'><strong>quam</strong></span> <span class='ocrx_word' id='word_1_105' title='bbox 816 1421 896 1507; x_wconf 90' lang='lat' dir='ltr'><strong>adipi</strong></span> <span class='ocrx_word' id='word_1_106' title='bbox 924 1421 1063 1485; x_wconf 90' lang='lat' dir='ltr'><strong>medullis</strong></span> <span class='ocrx_word' id='word_1_107' title='bbox 1086 1430 1118 1486; x_wconf 87' lang='lat' dir='ltr'><strong>at</strong></span> <span class='ocrx_word' id='word_1_108' title='bbox 1138 1422 1264 1486; x_wconf 83' lang='lat' dir='ltr'><strong>cerebro</strong></span> 
     </span>
     <span class='ocr_line' id='line_1_12' title="bbox 94 1505 1263 1605; baseline -0.003 -32"><span class='ocrx_word' id='word_1_109' title='bbox 94 1529 202 1573; x_wconf 88' lang='lat' dir='ltr'><strong>sensus</strong></span> <span class='ocrx_word' id='word_1_110' title='bbox 226 1508 324 1571; x_wconf 85' lang='lat' dir='ltr'><strong>inesse</strong></span> <span class='ocrx_word' id='word_1_111' title='bbox 348 1527 409 1570; x_wconf 90' lang='lat' dir='ltr'><strong>non</strong></span> <span class='ocrx_word' id='word_1_112' title='bbox 436 1505 544 1605; x_wconf 81' lang='lat' dir='ltr'><strong>potuit</strong></span> <span class='ocrx_word' id='word_1_113' title='bbox 617 1515 630 1569; x_wconf 90' lang='lat' dir='ltr'><strong>t</strong></span> <span class='ocrx_word' id='word_1_114' title='bbox 657 1506 736 1571; x_wconf 87' lang='lat' dir='ltr'><strong>siout</strong></span> <span class='ocrx_word' id='word_1_115' title='bbox 756 1506 851 1570; x_wconf 87' lang='lat' dir='ltr'><strong>sectio</strong></span> <span class='ocrx_word' id='word_1_116' title='bbox 875 1506 1053 1591; x_wconf 86' lang='lat' dir='ltr'><strong>capillorum</strong></span> <span class='ocrx_word' id='word_1_117' title='bbox 1080 1505 1155 1570; x_wconf 88' lang='lat' dir='ltr'><strong>nihil</strong></span> <span class='ocrx_word' id='word_1_118' title='bbox 1177 1506 1263 1569; x_wconf 90' lang='lat' dir='ltr'><strong>dolo·</strong></span> 
     </span>
     <span class='ocr_line' id='line_1_13' title="bbox 94 1590 1263 1678; baseline -0.003 -21"><span class='ocrx_word' id='word_1_119' title='bbox 94 1593 137 1658; x_wconf 89' lang='lat' dir='ltr'><strong>ris</strong></span> <span class='ocrx_word' id='word_1_120' title='bbox 166 1592 290 1678; x_wconf 82' lang='lat' dir='ltr'><strong>ingerit,</strong></span> <span class='ocrx_word' id='word_1_121' title='bbox 327 1592 383 1668; x_wconf 89' lang='lat' dir='ltr'><strong>ita,</strong></span> <span class='ocrx_word' id='word_1_122' title='bbox 419 1613 443 1655; x_wconf 86' lang='lat' dir='ltr'><strong>sr</strong></span> <span class='ocrx_word' id='word_1_123' title='bbox 471 1597 592 1655; x_wconf 84' lang='lat' dir='ltr'><strong>secetur</strong></span> <span class='ocrx_word' id='word_1_124' title='bbox 620 1591 665 1655; x_wconf 87' lang='lat' dir='ltr'><strong>vel</strong></span> <span class='ocrx_word' id='word_1_125' title='bbox 687 1590 763 1656; x_wconf 89' lang='lat' dir='ltr'><strong>dens</strong></span> <span class='ocrx_word' id='word_1_126' title='bbox 784 1591 829 1655; x_wconf 81' lang='lat' dir='ltr'><strong>vel</strong></span> <span class='ocrx_word' id='word_1_127' title='bbox 854 1611 890 1654; x_wconf 90' lang='lat' dir='ltr'><strong>os</strong></span> <span class='ocrx_word' id='word_1_128' title='bbox 910 1611 966 1655; x_wconf 91' lang='lat' dir='ltr'><strong>seu</strong></span> <span class='ocrx_word' id='word_1_129' title='bbox 986 1591 1079 1676; x_wconf 83' lang='lat' dir='ltr'><strong>adeps</strong></span> <span class='ocrx_word' id='word_1_130' title='bbox 1105 1611 1159 1656; x_wconf 89' lang='lat' dir='ltr'><strong>sou</strong></span> <span class='ocrx_word' id='word_1_131' title='bbox 1180 1610 1263 1654; x_wconf 86' lang='lat' dir='ltr'><strong>cere·</strong></span> 
     </span>
     <span class='ocr_line' id='line_1_14' title="bbox 95 1673 1316 1753; baseline -0.003 -10"><span class='ocrx_word' id='word_1_132' title='bbox 95 1679 185 1743; x_wconf 91' lang='lat' dir='ltr'><strong>brum</strong></span> <span class='ocrx_word' id='word_1_133' title='bbox 215 1696 270 1741; x_wconf 92' lang='lat' dir='ltr'><strong>seu</strong></span> <span class='ocrx_word' id='word_1_134' title='bbox 297 1675 442 1753; x_wconf 91' lang='lat' dir='ltr'><strong>medulla,</strong></span> <span class='ocrx_word' id='word_1_135' title='bbox 474 1676 572 1740; x_wconf 86' lang='lat' dir='ltr'><strong>aberit</strong></span> <span class='ocrx_word' id='word_1_136' title='bbox 595 1676 696 1739; x_wconf 87' lang='lat' dir='ltr'><strong>omnis</strong></span> <span class='ocrx_word' id='word_1_137' title='bbox 725 1696 833 1740; x_wconf 89' lang='lat' dir='ltr'><strong>sensus</strong></span> <span class='ocrx_word' id='word_1_138' title='bbox 861 1675 984 1740; x_wconf 90' lang='lat' dir='ltr'><strong>doloris.</strong></span> <span class='ocrx_word' id='word_1_139' title='bbox 1029 1675 1089 1741; x_wconf 87' lang='lat' dir='ltr'><strong>Sed</strong></span> <span class='ocrx_word' id='word_1_140' title='bbox 1116 1673 1316 1752; x_wconf 78' lang='lat' dir='ltr'><strong>ridemus,13</strong></span> 
     </span>
     <span class='ocr_line' id='line_1_15' title="bbox 94 1759 1266 1846; baseline -0.002 -20"><span class='ocrx_word' id='word_1_141' title='bbox 94 1762 125 1827; x_wconf 90' lang='lat' dir='ltr'><strong>in</strong></span> <span class='ocrx_word' id='word_1_142' title='bbox 173 1763 224 1840; x_wconf 91' lang='lat' dir='ltr'><strong>ies,</strong></span> <span class='ocrx_word' id='word_1_143' title='bbox 244 1761 406 1825; x_wconf 90' lang='lat' dir='ltr'><strong>tormentis</strong></span> <span class='ocrx_word' id='word_1_144' title='bbox 422 1759 501 1825; x_wconf 80' lang='lat' dir='ltr'><strong>allici</strong></span> <span class='ocrx_word' id='word_1_145' title='bbox 522 1760 635 1844; x_wconf 87' lang='lat' dir='ltr'><strong>quibus</strong></span> <span class='ocrx_word' id='word_1_146' title='bbox 655 1768 796 1825; x_wconf 87' lang='lat' dir='ltr'><strong>secantur</strong></span> <span class='ocrx_word' id='word_1_147' title='bbox 817 1780 896 1837; x_wconf 87' lang='lat' dir='ltr'><strong>ossa,</strong></span> <span class='ocrx_word' id='word_1_148' title='bbox 919 1760 1056 1846; x_wconf 90' lang='lat' dir='ltr'><strong>torqueri</strong></span> <span class='ocrx_word' id='word_1_149' title='bbox 1077 1759 1216 1824; x_wconf 88' lang='lat' dir='ltr'><strong>homines</strong></span> <span class='ocrx_word' id='word_1_150' title='bbox 1234 1767 1266 1825; x_wconf 87' lang='lat' dir='ltr'><strong>at</strong></span> 
     </span>
     <span class='ocr_line' id='line_1_16' title="bbox 96 1782 1265 1931; baseline -0.003 -19"><span class='ocrx_word' id='word_1_151' title='bbox 96 1782 202 1912; x_wconf 76' lang='lat' dir='ltr'><strong>ddldre</strong></span> <span class='ocrx_word' id='word_1_152' title='bbox 224 1847 371 1911; x_wconf 88' lang='lat' dir='ltr'><strong>dentium.</strong></span> <span class='ocrx_word' id='word_1_153' title='bbox 414 1848 481 1911; x_wconf 88' lang='lat' dir='ltr'><strong>Hoc</strong></span> <span class='ocrx_word' id='word_1_154' title='bbox 504 1866 609 1910; x_wconf 83' lang='lat' dir='ltr'><strong>aarum</strong></span> <span class='ocrx_word' id='word_1_155' title='bbox 632 1864 698 1910; x_wconf 88' lang='lat' dir='ltr'><strong>esse</strong></span> <span class='ocrx_word' id='word_1_156' title='bbox 719 1845 788 1931; x_wconf 90' lang='lat' dir='ltr'><strong>quis</strong></span> <span class='ocrx_word' id='word_1_157' title='bbox 810 1846 963 1929; x_wconf 79' lang='lat' dir='ltr'><strong>abneget?</strong></span> <span class='ocrx_word' id='word_1_158' title='bbox 1008 1844 1086 1923; x_wconf 87' lang='lat' dir='ltr'><strong>Sed,</strong></span> <span class='ocrx_word' id='word_1_159' title='bbox 1107 1853 1143 1910; x_wconf 93' lang='lat' dir='ltr'><strong>ut</strong></span> <span class='ocrx_word' id='word_1_160' title='bbox 1164 1865 1199 1909; x_wconf 91' lang='lat' dir='ltr'><strong>os</strong></span> <span class='ocrx_word' id='word_1_161' title='bbox 1219 1863 1265 1908; x_wconf 89' lang='lat' dir='ltr'><strong>se·</strong></span> 
     </span>
     <span class='ocr_line' id='line_1_17' title="bbox 96 1928 1266 2015; baseline -0.003 -19"><span class='ocrx_word' id='word_1_162' title='bbox 96 1942 200 2008; x_wconf 85' lang='lat' dir='ltr'><strong>cetur,</strong></span> <span class='ocrx_word' id='word_1_163' title='bbox 220 1940 378 1996; x_wconf 91' lang='lat' dir='ltr'><strong>omentum</strong></span> <span class='ocrx_word' id='word_1_164' title='bbox 402 1929 485 2015; x_wconf 92' lang='lat' dir='ltr'><strong>quod</strong></span> <span class='ocrx_word' id='word_1_165' title='bbox 507 1931 673 2015; x_wconf 88' lang='lat' dir='ltr'><strong>inpositum</strong></span> <span class='ocrx_word' id='word_1_166' title='bbox 697 1940 744 1995; x_wconf 86' lang='lat' dir='ltr'><strong>est</strong></span> <span class='ocrx_word' id='word_1_167' title='bbox 765 1933 826 1994; x_wconf 89' lang='lat' dir='ltr'><strong>ossi</strong></span> <span class='ocrx_word' id='word_1_168' title='bbox 849 1929 1037 2006; x_wconf 90' lang='lat' dir='ltr'><strong>cruciatum,</strong></span> <span class='ocrx_word' id='word_1_169' title='bbox 1064 1930 1137 1994; x_wconf 91' lang='lat' dir='ltr'><strong>dum</strong></span> <span class='ocrx_word' id='word_1_170' title='bbox 1157 1928 1266 1994; x_wconf 88' lang='lat' dir='ltr'><strong>sectio·</strong></span> 
     </span>
     <span class='ocr_line' id='line_1_18' title="bbox 96 2013 1265 2112; baseline -0.003 -31"><span class='ocrx_word' id='word_1_171' title='bbox 96 2037 165 2082; x_wconf 90' lang='lat' dir='ltr'><strong>nam</strong></span> <span class='ocrx_word' id='word_1_172' title='bbox 187 2018 314 2103; x_wconf 87' lang='lat' dir='ltr'><strong>potitur,</strong></span> <span class='ocrx_word' id='word_1_173' title='bbox 348 2018 495 2101; x_wconf 88' lang='lat' dir='ltr'><strong>inportat:</strong></span> <span class='ocrx_word' id='word_1_174' title='bbox 532 2014 705 2112; x_wconf 88' lang='lat' dir='ltr'><strong>quodcum</strong></span> <span class='ocrx_word' id='word_1_175' title='bbox 728 2014 836 2079; x_wconf 88' lang='lat' dir='ltr'><strong>medici</strong></span> <span class='ocrx_word' id='word_1_176' title='bbox 859 2035 967 2079; x_wconf 91' lang='lat' dir='ltr'><strong>manus</strong></span> <span class='ocrx_word' id='word_1_177' title='bbox 987 2013 1123 2091; x_wconf 89' lang='lat' dir='ltr'><strong>transiit,</strong></span> <span class='ocrx_word' id='word_1_178' title='bbox 1150 2034 1185 2078; x_wconf 91' lang='lat' dir='ltr'><strong>os</strong></span> <span class='ocrx_word' id='word_1_179' title='bbox 1205 2014 1265 2078; x_wconf 90' lang='lat' dir='ltr'><strong>iam</strong></span> 
     </span>
     <span class='ocr_line' id='line_1_19' title="bbox 96 2098 1265 2185; baseline -0.004 -19"><span class='ocrx_word' id='word_1_180' title='bbox 96 2122 166 2167; x_wconf 89' lang='lat' dir='ltr'><strong>oum</strong></span> <span class='ocrx_word' id='word_1_181' title='bbox 195 2101 327 2166; x_wconf 81' lang='lat' dir='ltr'><strong>medulla</strong></span> <span class='ocrx_word' id='word_1_182' title='bbox 356 2121 447 2185; x_wconf 90' lang='lat' dir='ltr'><strong>quam</strong></span> <span class='ocrx_word' id='word_1_183' title='bbox 473 2107 610 2164; x_wconf 86' lang='lat' dir='ltr'><strong>oontmat</strong></span> <span class='ocrx_word' id='word_1_184' title='bbox 636 2099 728 2164; x_wconf 85' lang='lat' dir='ltr'><strong>habet</strong></span> <span class='ocrx_word' id='word_1_185' title='bbox 750 2099 947 2164; x_wconf 87' lang='lat' dir='ltr'><strong>indolentiam</strong></span> <span class='ocrx_word' id='word_1_186' title='bbox 972 2098 1115 2163; x_wconf 86' lang='lat' dir='ltr'><strong>sectionis</strong></span> <span class='ocrx_word' id='word_1_187' title='bbox 1137 2098 1265 2162; x_wconf 89' lang='lat' dir='ltr'><strong>similem</strong></span> 
     </span>
     <span class='ocr_line' id='line_1_20' title="bbox 96 2182 1267 2271; baseline -0.003 -21"><span class='ocrx_word' id='word_1_188' title='bbox 96 2187 283 2271; x_wconf 88' lang='lat' dir='ltr'><strong>capillorum.</strong></span> <span class='ocrx_word' id='word_1_189' title='bbox 328 2186 370 2250; x_wconf 85' lang='lat' dir='ltr'><strong>Et</strong></span> <span class='ocrx_word' id='word_1_190' title='bbox 394 2204 463 2248; x_wconf 91' lang='lat' dir='ltr'><strong>oum</strong></span> <span class='ocrx_word' id='word_1_191' title='bbox 487 2184 624 2248; x_wconf 88' lang='lat' dir='ltr'><strong>dentium</strong></span> <span class='ocrx_word' id='word_1_192' title='bbox 645 2184 735 2249; x_wconf 93' lang='lat' dir='ltr'><strong>dolor</strong></span> <span class='ocrx_word' id='word_1_193' title='bbox 755 2191 819 2261; x_wconf 90' lang='lat' dir='ltr'><strong>est,</strong></span> <span class='ocrx_word' id='word_1_194' title='bbox 857 2204 918 2247; x_wconf 91' lang='lat' dir='ltr'><strong>non</strong></span> <span class='ocrx_word' id='word_1_195' title='bbox 942 2203 977 2247; x_wconf 90' lang='lat' dir='ltr'><strong>os</strong></span> <span class='ocrx_word' id='word_1_196' title='bbox 999 2183 1099 2247; x_wconf 88' lang='lat' dir='ltr'><strong>dantis</strong></span> <span class='ocrx_word' id='word_1_197' title='bbox 1121 2182 1152 2246; x_wconf 93' lang='lat' dir='ltr'><strong>in</strong></span> <span class='ocrx_word' id='word_1_198' title='bbox 1176 2202 1267 2247; x_wconf 85' lang='lat' dir='ltr'><strong>sensu</strong></span> 
     </span>
     <span class='ocr_line' id='line_1_21' title="bbox 97 2262 1319 2354; baseline -0.002 -20"><span class='ocrx_word' id='word_1_199' title='bbox 97 2280 158 2348; x_wconf 85' lang='lat' dir='ltr'><strong>ast,</strong></span> <span class='ocrx_word' id='word_1_200' title='bbox 179 2272 231 2335; x_wconf 90' lang='lat' dir='ltr'><strong>sed</strong></span> <span class='ocrx_word' id='word_1_201' title='bbox 252 2290 324 2335; x_wconf 86' lang='lat' dir='ltr'><strong>caro</strong></span> <span class='ocrx_word' id='word_1_202' title='bbox 347 2289 426 2353; x_wconf 89' lang='lat' dir='ltr'><strong>quae</strong></span> <span class='ocrx_word' id='word_1_203' title='bbox 446 2268 583 2333; x_wconf 87' lang='lat' dir='ltr'><strong>eontinet</strong></span> <span class='ocrx_word' id='word_1_204' title='bbox 600 2269 733 2335; x_wconf 88' lang='lat' dir='ltr'><strong>dentem.</strong></span> <span class='ocrx_word' id='word_1_205' title='bbox 777 2271 855 2337; x_wconf 87' lang='lat' dir='ltr'><strong>Num</strong></span> <span class='ocrx_word' id='word_1_206' title='bbox 878 2274 910 2332; x_wconf 95' lang='lat' dir='ltr'><strong>et</strong></span> <span class='ocrx_word' id='word_1_207' title='bbox 929 2267 1040 2352; x_wconf 79' lang='lat' dir='ltr'><strong>unguis</strong></span> <span class='ocrx_word' id='word_1_208' title='bbox 1060 2276 1194 2354; x_wconf 76' lang='lat' dir='ltr'><strong>quernus</strong></span> <span class='ocrx_word' id='word_1_209' title='bbox 1216 2288 1266 2332; x_wconf 86' lang='lat' dir='ltr'><strong>es·</strong></span> <span class='ocrx_word' id='word_1_210' title='bbox 1279 2262 1319 2325; x_wconf 79' lang='lat'><strong>14</strong></span> 
     </span>
     <span class='ocr_line' id='line_1_22' title="bbox 94 2352 1267 2438; baseline -0.001 -20"><span class='ocrx_word' id='word_1_211' title='bbox 94 2363 142 2418; x_wconf 84' lang='lat' dir='ltr'><strong>tra</strong></span> <span class='ocrx_word' id='word_1_212' title='bbox 162 2375 282 2418; x_wconf 89' lang='lat' dir='ltr'><strong>carnem</strong></span> <span class='ocrx_word' id='word_1_213' title='bbox 305 2352 471 2419; x_wconf 81' lang='lat' dir='ltr'><strong>crescendo</strong></span> <span class='ocrx_word' id='word_1_214' title='bbox 490 2353 588 2438; x_wconf 85' lang='lat' dir='ltr'><strong>pergit</strong></span> <span class='ocrx_word' id='word_1_215' title='bbox 609 2352 675 2418; x_wconf 87' lang='lat' dir='ltr'><strong>sine</strong></span> <span class='ocrx_word' id='word_1_216' title='bbox 695 2374 786 2418; x_wconf 87' lang='lat' dir='ltr'><strong>sensu</strong></span> <span class='ocrx_word' id='word_1_217' title='bbox 817 2361 950 2418; x_wconf 88' lang='lat' dir='ltr'><strong>secatur:</strong></span> <span class='ocrx_word' id='word_1_218' title='bbox 981 2352 1035 2437; x_wconf 91' lang='lat' dir='ltr'><strong>qui</strong></span> <span class='ocrx_word' id='word_1_219' title='bbox 1052 2353 1135 2417; x_wconf 86' lang='lat' dir='ltr'><strong>cami</strong></span> <span class='ocrx_word' id='word_1_220' title='bbox 1157 2352 1267 2418; x_wconf 86' lang='lat' dir='ltr'><strong>adhae-</strong></span> 
     </span>
     <span class='ocr_line' id='line_1_23' title="bbox 97 2435 1267 2515; baseline -0.002 -13"><span class='ocrx_word' id='word_1_221' title='bbox 97 2446 146 2502; x_wconf 90' lang='lat' dir='ltr'><strong>ret</strong></span> <span class='ocrx_word' id='word_1_222' title='bbox 178 2438 236 2502; x_wconf 90' lang='lat' dir='ltr'><strong>iam</strong></span> <span class='ocrx_word' id='word_1_223' title='bbox 267 2437 352 2515; x_wconf 87' lang='lat' dir='ltr'><strong>lacit,</strong></span> <span class='ocrx_word' id='word_1_224' title='bbox 379 2437 403 2500; x_wconf 92' lang='lat' dir='ltr'><strong>si</strong></span> <span class='ocrx_word' id='word_1_225' title='bbox 430 2446 563 2514; x_wconf 87' lang='lat' dir='ltr'><strong>secetur,</strong></span> <span class='ocrx_word' id='word_1_226' title='bbox 592 2437 730 2502; x_wconf 87' lang='lat' dir='ltr'><strong>dolorem</strong></span> <span class='ocrx_word' id='word_1_227' title='bbox 754 2460 816 2503; x_wconf 93' lang='lat' dir='ltr'><strong>non</strong></span> <span class='ocrx_word' id='word_1_228' title='bbox 843 2457 900 2502; x_wconf 91' lang='lat' dir='ltr'><strong>suo</strong></span> <span class='ocrx_word' id='word_1_229' title='bbox 923 2435 975 2501; x_wconf 88' lang='lat' dir='ltr'><strong>sed</strong></span> <span class='ocrx_word' id='word_1_230' title='bbox 999 2436 1079 2501; x_wconf 87' lang='lat' dir='ltr'><strong>sedis</strong></span> <span class='ocrx_word' id='word_1_231' title='bbox 1101 2459 1174 2502; x_wconf 88' lang='lat' dir='ltr'><strong>suaa</strong></span> <span class='ocrx_word' id='word_1_232' title='bbox 1201 2455 1267 2501; x_wconf 90' lang='lat' dir='ltr'><strong>cor·</strong></span> 
     </span>
     <span class='ocr_line' id='line_1_24' title="bbox 99 2520 1265 2607; baseline -0.002 -21"><span class='ocrx_word' id='word_1_233' title='bbox 99 2543 183 2607; x_wconf 90' lang='lat' dir='ltr'><strong>pore.</strong></span> <span class='ocrx_word' id='word_1_234' title='bbox 229 2522 316 2586; x_wconf 90' lang='lat' dir='ltr'><strong>Siout</strong></span> <span class='ocrx_word' id='word_1_235' title='bbox 337 2521 476 2605; x_wconf 87' lang='lat' dir='ltr'><strong>capillus,</strong></span> <span class='ocrx_word' id='word_1_236' title='bbox 513 2521 586 2586; x_wconf 96' lang='lat' dir='ltr'><strong>dum</strong></span> <span class='ocrx_word' id='word_1_237' title='bbox 607 2523 747 2607; x_wconf 86' lang='lat' dir='ltr'><strong>superior</strong></span> <span class='ocrx_word' id='word_1_238' title='bbox 768 2531 905 2598; x_wconf 84' lang='lat' dir='ltr'><strong>secatur,</strong></span> <span class='ocrx_word' id='word_1_239' title='bbox 937 2521 1034 2585; x_wconf 88' lang='lat' dir='ltr'><strong>nescit</strong></span> <span class='ocrx_word' id='word_1_240' title='bbox 1052 2521 1206 2586; x_wconf 87' lang='lat' dir='ltr'><strong>dolorem:</strong></span> <span class='ocrx_word' id='word_1_241' title='bbox 1241 2520 1265 2584; x_wconf 93' lang='lat' dir='ltr'><strong>si</strong></span> 
     </span>
    </p>
   </div>
   <div class='ocr_carea' id='block_1_3' title="bbox 97 2605 1321 2948">
    <p class='ocr_par' dir='ltr' id='par_1_3' title="bbox 97 2605 1321 2948">
     <span class='ocr_line' id='line_1_25' title="bbox 97 2605 1267 2693; baseline -0.003 -22"><span class='ocrx_word' id='word_1_242' title='bbox 97 2607 260 2682; x_wconf 85' lang='lat' dir='ltr'><strong>avellatur,</strong></span> <span class='ocrx_word' id='word_1_243' title='bbox 290 2627 411 2670; x_wconf 89' lang='lat' dir='ltr'><strong>sensum</strong></span> <span class='ocrx_word' id='word_1_244' title='bbox 441 2605 552 2690; x_wconf 88' lang='lat' dir='ltr'><strong>accipit</strong></span> <span class='ocrx_word' id='word_1_245' title='bbox 581 2627 598 2670; x_wconf 89' lang='lat' dir='ltr'><strong>a</strong></span> <span class='ocrx_word' id='word_1_246' title='bbox 624 2626 716 2672; x_wconf 88' lang='lat' dir='ltr'><strong>carno</strong></span> <span class='ocrx_word' id='word_1_247' title='bbox 741 2627 833 2693; x_wconf 88' lang='lat' dir='ltr'><strong>quam</strong></span> <span class='ocrx_word' id='word_1_248' title='bbox 858 2605 978 2671; x_wconf 87' lang='lat' dir='ltr'><strong>deserit.</strong></span> <span class='ocrx_word' id='word_1_249' title='bbox 1021 2606 1064 2670; x_wconf 89' lang='lat' dir='ltr'><strong>Et</strong></span> <span class='ocrx_word' id='word_1_250' title='bbox 1097 2606 1267 2682; x_wconf 83' lang='lat' dir='ltr'><strong>cerebrum,</strong></span> 
     </span>
     <span class='ocr_line' id='line_1_26' title="bbox 99 2689 1268 2777; baseline -0.003 -22"><span class='ocrx_word' id='word_1_251' title='bbox 99 2692 183 2776; x_wconf 92' lang='lat' dir='ltr'><strong>quod</strong></span> <span class='ocrx_word' id='word_1_252' title='bbox 208 2699 291 2755; x_wconf 89' lang='lat' dir='ltr'><strong>tactu</strong></span> <span class='ocrx_word' id='word_1_253' title='bbox 313 2691 360 2755; x_wconf 90' lang='lat' dir='ltr'><strong>sui</strong></span> <span class='ocrx_word' id='word_1_254' title='bbox 381 2689 535 2769; x_wconf 84' lang='lat' dir='ltr'><strong>hominem</strong></span> <span class='ocrx_word' id='word_1_255' title='bbox 555 2691 599 2756; x_wconf 85' lang='lat' dir='ltr'><strong>vel</strong></span> <span class='ocrx_word' id='word_1_256' title='bbox 621 2699 747 2777; x_wconf 89' lang='lat' dir='ltr'><strong>torquet</strong></span> <span class='ocrx_word' id='word_1_257' title='bbox 766 2692 811 2757; x_wconf 87' lang='lat' dir='ltr'><strong>vel</strong></span> <span class='ocrx_word' id='word_1_258' title='bbox 833 2690 1009 2776; x_wconf 83' lang='lat' dir='ltr'><strong>frequenter</strong></span> <span class='ocrx_word' id='word_1_259' title='bbox 1029 2689 1184 2767; x_wconf 87' lang='lat' dir='ltr'><strong>interimit,</strong></span> <span class='ocrx_word' id='word_1_260' title='bbox 1203 2708 1268 2753; x_wconf 91' lang='lat' dir='ltr'><strong>non</strong></span> 
     </span>
     <span class='ocr_line' id='line_1_27' title="bbox 99 2774 1312 2862; baseline -0.002 -22"><span class='ocrx_word' id='word_1_261' title='bbox 99 2796 156 2840; x_wconf 88' lang='lat' dir='ltr'><strong>suo</strong></span> <span class='ocrx_word' id='word_1_262' title='bbox 177 2796 269 2840; x_wconf 85' lang='lat' dir='ltr'><strong>sensu</strong></span> <span class='ocrx_word' id='word_1_263' title='bbox 288 2775 341 2840; x_wconf 88' lang='lat' dir='ltr'><strong>scd</strong></span> <span class='ocrx_word' id='word_1_264' title='bbox 360 2774 488 2841; x_wconf 81' lang='lat' dir='ltr'><strong>vestitus</strong></span> <span class='ocrx_word' id='word_1_265' title='bbox 506 2774 563 2853; x_wconf 93' lang='lat' dir='ltr'><strong>sui,</strong></span> <span class='ocrx_word' id='word_1_266' title='bbox 585 2776 614 2840; x_wconf 95' lang='lat' dir='ltr'><strong>id</strong></span> <span class='ocrx_word' id='word_1_267' title='bbox 633 2784 681 2840; x_wconf 87' lang='lat' dir='ltr'><strong>est</strong></span> <span class='ocrx_word' id='word_1_268' title='bbox 698 2775 823 2854; x_wconf 86' lang='lat' dir='ltr'><strong>omenti,</strong></span> <span class='ocrx_word' id='word_1_269' title='bbox 846 2776 929 2843; x_wconf 88' lang='lat' dir='ltr'><strong>hunc</strong></span> <span class='ocrx_word' id='word_1_270' title='bbox 949 2776 1083 2862; x_wconf 90' lang='lat' dir='ltr'><strong>inportat</strong></span> <span class='ocrx_word' id='word_1_271' title='bbox 1103 2775 1312 2861; x_wconf 74' lang='lat' dir='ltr'><strong>dolorempss</strong></span> 
     </span>
     <span class='ocr_line' id='line_1_28' title="bbox 98 2794 1321 2948; baseline 0 -22"><span class='ocrx_word' id='word_1_272' title='bbox 98 2861 182 2945; x_wconf 79' lang='lat' dir='ltr'><strong>Ergo</strong></span> <span class='ocrx_word' id='word_1_273' title='bbox 205 2860 338 2926; x_wconf 87' lang='lat' dir='ltr'><strong>diximus</strong></span> <span class='ocrx_word' id='word_1_274' title='bbox 356 2880 435 2945; x_wconf 91' lang='lat' dir='ltr'><strong>quae</strong></span> <span class='ocrx_word' id='word_1_275' title='bbox 458 2859 488 2922; x_wconf 92' lang='lat' dir='ltr'><strong>in</strong></span> <span class='ocrx_word' id='word_1_276' title='bbox 511 2858 635 2927; x_wconf 87' lang='lat' dir='ltr'><strong>homino</strong></span> <span class='ocrx_word' id='word_1_277' title='bbox 656 2860 723 2927; x_wconf 85' lang='lat' dir='ltr'><strong>sina</strong></span> <span class='ocrx_word' id='word_1_278' title='bbox 742 2882 836 2929; x_wconf 88' lang='lat' dir='ltr'><strong>sensu</strong></span> <span class='ocrx_word' id='word_1_279' title='bbox 858 2862 929 2940; x_wconf 91' lang='lat' dir='ltr'><strong>sint,</strong></span> <span class='ocrx_word' id='word_1_280' title='bbox 949 2870 980 2927; x_wconf 89' lang='lat' dir='ltr'><strong>et</strong></span> <span class='ocrx_word' id='word_1_281' title='bbox 1002 2882 1081 2948; x_wconf 87' lang='lat' dir='ltr'><strong>quaa</strong></span> <span class='ocrx_word' id='word_1_282' title='bbox 1103 2860 1161 2926; x_wconf 86' lang='lat' dir='ltr'><strong>hoe</strong></span> <span class='ocrx_word' id='word_1_283' title='bbox 1178 2880 1269 2928; x_wconf 85' lang='lat' dir='ltr'><strong>causa</strong></span> <span class='ocrx_word' id='word_1_284' title='bbox 1282 2794 1321 2926; x_wconf 68' lang='lat' dir='ltr'><strong>ld</strong></span> 
     </span>
    </p>
   </div>
   <div class='ocr_carea' id='block_1_4' title="bbox 900 3032 1203 3101">
    <p class='ocr_par' dir='ltr' id='par_1_4' title="bbox 900 3032 1203 3101">
     <span class='ocr_line' id='line_1_29' title="bbox 900 3032 1203 3101; baseline -0.007 -16"><span class='ocrx_word' id='word_1_285' title='bbox 900 3034 969 3085; x_wconf 83' lang='lat' dir='ltr'><strong>Edd.</strong></span> <span class='ocrx_word' id='word_1_286' title='bbox 988 3032 1203 3101; x_wconf 65' lang='lat' dir='ltr'><strong>strangulante]</strong></span> 
     </span>
    </p>
   </div>
   <div class='ocr_carea' id='block_1_5' title="bbox 97 3112 1274 3519">
    <p class='ocr_par' dir='ltr' id='par_1_5' title="bbox 97 3112 1171 3181">
     <span class='ocr_line' id='line_1_30' title="bbox 97 3112 1171 3181; baseline 0.002 -18"><span class='ocrx_word' id='word_1_287' title='bbox 97 3112 134 3173; x_wconf 81' lang='grc' dir='ltr'><strong>(Α</strong></span> <span class='ocrx_word' id='word_1_288' title='bbox 151 3130 212 3178; x_wconf 88' lang='lat' dir='ltr'><strong>sup.</strong></span> <span class='ocrx_word' id='word_1_289' title='bbox 229 3113 291 3165; x_wconf 87' lang='lat' dir='ltr'><strong>odd.</strong></span> <span class='ocrx_word' id='word_1_290' title='bbox 310 3119 344 3173; x_wconf 81' lang='lat' dir='ltr'><strong>t).</strong></span> <span class='ocrx_word' id='word_1_291' title='bbox 358 3142 390 3152; x_wconf 91' lang='lat'>-</span> <span class='ocrx_word' id='word_1_292' title='bbox 409 3130 557 3166; x_wconf 70' lang='lat' dir='ltr'><strong>excursare</strong></span> <span class='ocrx_word' id='word_1_293' title='bbox 575 3114 611 3166; x_wconf 85' lang='grc'><strong>11.</strong></span> <span class='ocrx_word' id='word_1_294' title='bbox 715 3118 754 3167; x_wconf 90' lang='grc'><strong>10.</strong></span> <span class='ocrx_word' id='word_1_295' title='bbox 779 3132 820 3168; x_wconf 87' lang='lat' dir='ltr'><strong>ms</strong></span> <span class='ocrx_word' id='word_1_296' title='bbox 835 3117 1003 3168; x_wconf 75' lang='lat' dir='ltr'><strong>irretitum</strong></span> <span class='ocrx_word' id='word_1_297' title='bbox 1020 3123 1091 3166; x_wconf 77' lang='lat' dir='ltr'><strong>tenes</strong></span> <span class='ocrx_word' id='word_1_298' title='bbox 1109 3130 1171 3181; x_wconf 65' lang='grc' dir='ltr'><strong>ν-ς.</strong></span> 
     </span>
    </p>

    <p class='ocr_par' dir='ltr' id='par_1_6' title="bbox 100 3179 1271 3250">
     <span class='ocr_line' id='line_1_31' title="bbox 100 3179 1271 3250; baseline 0.003 -20"><span class='ocrx_word' id='word_1_299' title='bbox 100 3184 141 3230; x_wconf 90' lang='lat' dir='ltr'><strong>ll.</strong></span> <span class='ocrx_word' id='word_1_300' title='bbox 160 3182 267 3233; x_wconf 82' lang='lat' dir='ltr'><strong>denseta</strong></span> <span class='ocrx_word' id='word_1_301' title='bbox 286 3181 360 3233; x_wconf 80' lang='lat' dir='ltr'><strong>lis-z</strong></span> <span class='ocrx_word' id='word_1_302' title='bbox 377 3182 435 3242; x_wconf 82' lang='lat' dir='ltr'><strong>(Ml</strong></span> <span class='ocrx_word' id='word_1_303' title='bbox 454 3198 511 3250; x_wconf 84' lang='lat' dir='ltr'><strong>ap.</strong></span> <span class='ocrx_word' id='word_1_304' title='bbox 531 3184 582 3247; x_wconf 84' lang='lat' dir='ltr'><strong>sn.)</strong></span> <span class='ocrx_word' id='word_1_305' title='bbox 602 3182 657 3234; x_wconf 82' lang='lat' dir='ltr'><strong>Mil.</strong></span> <span class='ocrx_word' id='word_1_306' title='bbox 677 3181 720 3234; x_wconf 87' lang='grc'><strong>01.</strong></span> <span class='ocrx_word' id='word_1_307' title='bbox 734 3181 840 3234; x_wconf 80' lang='lat' dir='ltr'><strong>Gomrn.</strong></span> <span class='ocrx_word' id='word_1_308' title='bbox 856 3184 879 3247; x_wconf 90' lang='lat'><strong>1,</strong></span> <span class='ocrx_word' id='word_1_309' title='bbox 896 3187 922 3243; x_wconf 77' lang='lat'><strong>8,</strong></span> <span class='ocrx_word' id='word_1_310' title='bbox 937 3186 980 3232; x_wconf 76' lang='lat'><strong>20.</strong></span> <span class='ocrx_word' id='word_1_311' title='bbox 1016 3183 1138 3233; x_wconf 75' lang='lat' dir='ltr'><strong>densatus</strong></span> <span class='ocrx_word' id='word_1_312' title='bbox 1155 3179 1271 3248; x_wconf 77' lang='lat' dir='ltr'><strong>ASr·gls</strong></span> 
     </span>
    </p>

    <p class='ocr_par' dir='ltr' id='par_1_7' title="bbox 98 3247 1273 3317">
     <span class='ocr_line' id='line_1_32' title="bbox 98 3247 1273 3317; baseline 0.003 -20"><span class='ocrx_word' id='word_1_313' title='bbox 98 3247 144 3298; x_wconf 73' lang='lat' dir='ltr'><strong>Pu</strong></span> <span class='ocrx_word' id='word_1_314' title='bbox 162 3249 219 3308; x_wconf 78' lang='lat' dir='ltr'><strong>(ult</strong></span> <span class='ocrx_word' id='word_1_315' title='bbox 241 3265 258 3298; x_wconf 85' lang='lat' dir='ltr'><strong>u</strong></span> <span class='ocrx_word' id='word_1_316' title='bbox 274 3267 330 3300; x_wconf 87' lang='lat' dir='ltr'><strong>sec.</strong></span> <span class='ocrx_word' id='word_1_317' title='bbox 349 3255 399 3308; x_wconf 87' lang='lat' dir='ltr'><strong>sn.)</strong></span> <span class='ocrx_word' id='word_1_318' title='bbox 417 3251 471 3301; x_wconf 76' lang='lat' dir='ltr'><strong>M2.</strong></span> <span class='ocrx_word' id='word_1_319' title='bbox 489 3279 523 3289; x_wconf 94' lang='lat'><em>-</em></span> <span class='ocrx_word' id='word_1_320' title='bbox 540 3267 620 3317; x_wconf 76' lang='lat' dir='ltr'><strong>quus</strong></span> <span class='ocrx_word' id='word_1_321' title='bbox 637 3250 727 3317; x_wconf 73' lang='lat' dir='ltr'><strong>llr-g.</strong></span> <span class='ocrx_word' id='word_1_322' title='bbox 740 3277 775 3294; x_wconf 69' lang='grc' dir='ltr'><strong>-ο</strong></span> <span class='ocrx_word' id='word_1_323' title='bbox 793 3258 821 3301; x_wconf 84' lang='lat' dir='ltr'><strong>st</strong></span> <span class='ocrx_word' id='word_1_324' title='bbox 839 3250 949 3302; x_wconf 85' lang='lat' dir='ltr'><strong>mollitia</strong></span> <span class='ocrx_word' id='word_1_325' title='bbox 961 3250 992 3298; x_wconf 80' lang='grc' dir='ltr'><strong>Α.</strong></span> <span class='ocrx_word' id='word_1_326' title='bbox 1096 3252 1136 3300; x_wconf 79' lang='lat'><strong>1³.</strong></span> <span class='ocrx_word' id='word_1_327' title='bbox 1164 3249 1218 3300; x_wconf 83' lang='lat' dir='ltr'><strong>ant</strong></span> <span class='ocrx_word' id='word_1_328' title='bbox 1234 3256 1273 3301; x_wconf 78' lang='lat' dir='ltr'><strong>ast</strong></span> 
     </span>
    </p>

    <p class='ocr_par' dir='ltr' id='par_1_8' title="bbox 99 3312 1274 3382">
     <span class='ocr_line' id='line_1_33' title="bbox 99 3312 1274 3382; baseline 0.006 -19"><span class='ocrx_word' id='word_1_329' title='bbox 99 3312 130 3363; x_wconf 77' lang='grc' dir='ltr'><strong>Α.</strong></span> <span class='ocrx_word' id='word_1_330' title='bbox 155 3340 191 3352; x_wconf 90' lang='grc'><strong>-</strong></span> <span class='ocrx_word' id='word_1_331' title='bbox 217 3317 386 3381; x_wconf 76' lang='lat' dir='ltr'><strong>quodecim</strong></span> <span class='ocrx_word' id='word_1_332' title='bbox 404 3319 498 3368; x_wconf 84' lang='lat' dir='ltr'><strong>medici</strong></span> <span class='ocrx_word' id='word_1_333' title='bbox 520 3319 550 3367; x_wconf 79' lang='grc' dir='ltr'><strong>Α.</strong></span> <span class='ocrx_word' id='word_1_334' title='bbox 575 3345 610 3358; x_wconf 87' lang='grc'><strong>-</strong></span> <span class='ocrx_word' id='word_1_335' title='bbox 635 3318 743 3370; x_wconf 86' lang='lat' dir='ltr'><strong>transiit</strong></span> <span class='ocrx_word' id='word_1_336' title='bbox 765 3316 868 3382; x_wconf 87' lang='lat' dir='ltr'><strong>scripsi</strong></span> <span class='ocrx_word' id='word_1_337' title='bbox 888 3333 903 3366; x_wconf 87' lang='lat' dir='ltr'><strong>a</strong></span> <span class='ocrx_word' id='word_1_338' title='bbox 921 3315 994 3366; x_wconf 84' lang='lat' dir='ltr'><strong>coni.</strong></span> <span class='ocrx_word' id='word_1_339' title='bbox 1029 3317 1130 3368; x_wconf 82' lang='lat' dir='ltr'><strong>transit</strong></span> <span class='ocrx_word' id='word_1_340' title='bbox 1158 3316 1225 3368; x_wconf 76' lang='lat' dir='ltr'><strong>llius.</strong></span> <span class='ocrx_word' id='word_1_341' title='bbox 1244 3323 1274 3370; x_wconf 86' lang='lat' dir='ltr'><strong>st</strong></span> 
     </span>
    </p>

    <p class='ocr_par' dir='ltr' id='par_1_9' title="bbox 99 3379 1273 3519">
     <span class='ocr_line' id='line_1_34' title="bbox 99 3379 1239 3444; baseline 0.005 -14"><span class='ocrx_word' id='word_1_342' title='bbox 99 3379 169 3430; x_wconf 76' lang='lat' dir='ltr'><strong>Edd.</strong></span> <span class='ocrx_word' id='word_1_343' title='bbox 195 3407 227 3417; x_wconf 92' lang='lat'>-</span> <span class='ocrx_word' id='word_1_344' title='bbox 254 3383 376 3431; x_wconf 80' lang='lat' dir='ltr'><strong>sectionis</strong></span> <span class='ocrx_word' id='word_1_345' title='bbox 393 3384 447 3432; x_wconf 83' lang='lat' dir='ltr'><strong>AP.</strong></span> <span class='ocrx_word' id='word_1_346' title='bbox 482 3385 596 3434; x_wconf 82' lang='lat' dir='ltr'><strong>sectioni</strong></span> <span class='ocrx_word' id='word_1_347' title='bbox 615 3384 683 3435; x_wconf 82' lang='lat' dir='ltr'><strong>Edd.</strong></span> <span class='ocrx_word' id='word_1_348' title='bbox 701 3382 759 3435; x_wconf 80' lang='lat' dir='ltr'><strong>HS.</strong></span> <span class='ocrx_word' id='word_1_349' title='bbox 776 3411 811 3421; x_wconf 95' lang='lat'><em>-</em></span> <span class='ocrx_word' id='word_1_350' title='bbox 830 3384 866 3435; x_wconf 78' lang='lat' dir='ltr'><strong>Et</strong></span> <span class='ocrx_word' id='word_1_351' title='bbox 884 3384 1002 3434; x_wconf 79' lang='lat' dir='ltr'><strong>dantium</strong></span> <span class='ocrx_word' id='word_1_352' title='bbox 1020 3389 1089 3444; x_wconf 84' lang='lat' dir='ltr'><strong>(om.</strong></span> <span class='ocrx_word' id='word_1_353' title='bbox 1105 3389 1177 3444; x_wconf 82' lang='lat' dir='ltr'><strong>oum)</strong></span> <span class='ocrx_word' id='word_1_354' title='bbox 1195 3386 1239 3436; x_wconf 86' lang='lat' dir='ltr'><strong>rt.</strong></span> 
     </span>
     <span class='ocr_line' id='line_1_35' title="bbox 170 3447 1273 3519; baseline 0.009 -25"><span class='ocrx_word' id='word_1_355' title='bbox 170 3447 211 3495; x_wconf 82' lang='lat'><strong>14.</strong></span> <span class='ocrx_word' id='word_1_356' title='bbox 240 3463 292 3495; x_wconf 89' lang='lat' dir='ltr'><strong>non</strong></span> <span class='ocrx_word' id='word_1_357' title='bbox 310 3464 357 3498; x_wconf 89' lang='lat' dir='ltr'><strong>sua</strong></span> <span class='ocrx_word' id='word_1_358' title='bbox 434 3451 517 3500; x_wconf 87' lang='lat' dir='ltr'><strong>nascit</strong></span> <span class='ocrx_word' id='word_1_359' title='bbox 535 3450 650 3501; x_wconf 79' lang='lat' dir='ltr'><strong>dolarcus</strong></span> <span class='ocrx_word' id='word_1_360' title='bbox 669 3466 724 3503; x_wconf 85' lang='lat' dir='ltr'><strong>orn.</strong></span> <span class='ocrx_word' id='word_1_361' title='bbox 743 3452 774 3503; x_wconf 77' lang='grc' dir='ltr'><strong>Α.</strong></span> <span class='ocrx_word' id='word_1_362' title='bbox 796 3478 824 3490; x_wconf 93' lang='lat'><strong>·-</strong></span> <span class='ocrx_word' id='word_1_363' title='bbox 849 3467 952 3502; x_wconf 83' lang='lat' dir='ltr'><strong>sensum</strong></span> <span class='ocrx_word' id='word_1_364' title='bbox 969 3452 1051 3519; x_wconf 85' lang='lat' dir='ltr'><strong>cupit</strong></span> <span class='ocrx_word' id='word_1_365' title='bbox 1067 3450 1099 3503; x_wconf 74' lang='grc' dir='ltr'><strong>Α.</strong></span> <span class='ocrx_word' id='word_1_366' title='bbox 1122 3476 1155 3490; x_wconf 89' lang='grc'><strong>-</strong></span> <span class='ocrx_word' id='word_1_367' title='bbox 1182 3458 1273 3504; x_wconf 71' lang='lat' dir='ltr'><strong>tastu</strong></span> 
     </span>
    </p>
   </div>
   <div class='ocr_carea' id='block_1_6' title="bbox 134 3610 1271 3685">
    <p class='ocr_par' dir='ltr' id='par_1_10' title="bbox 134 3610 1271 3685">
     <span class='ocr_line' id='line_1_36' title="bbox 134 3610 1271 3685; baseline 0.004 -22"><span class='ocrx_word' id='word_1_368' title='bbox 134 3617 160 3663; x_wconf 82' lang='grc'><strong>9.</strong></span> <span class='ocrx_word' id='word_1_369' title='bbox 197 3610 392 3662; x_wconf 80' lang='lat' dir='ltr'><strong>contrarietatis</strong></span> <span class='ocrx_word' id='word_1_370' title='bbox 410 3613 514 3678; x_wconf 86' lang='lat' dir='ltr'><strong>ausum]</strong></span> <span class='ocrx_word' id='word_1_371' title='bbox 535 3612 578 3665; x_wconf 91' lang='grc'><strong>01.</strong></span> <span class='ocrx_word' id='word_1_372' title='bbox 598 3631 622 3665; x_wconf 87' lang='lat' dir='ltr'><strong>o.</strong></span> <span class='ocrx_word' id='word_1_373' title='bbox 637 3619 664 3680; x_wconf 85' lang='lat' dir='ltr'><strong>a,</strong></span> <span class='ocrx_word' id='word_1_374' title='bbox 750 3619 791 3668; x_wconf 82' lang='grc'><strong>13.</strong></span> <span class='ocrx_word' id='word_1_375' title='bbox 825 3617 950 3669; x_wconf 78' lang='lat' dir='ltr'><strong>sectionis</strong></span> <span class='ocrx_word' id='word_1_376' title='bbox 966 3617 1077 3669; x_wconf 85' lang='lat' dir='ltr'><strong>similans</strong></span> <span class='ocrx_word' id='word_1_377' title='bbox 1100 3617 1271 3685; x_wconf 67' lang='lat' dir='ltr'><strong>capillorum]</strong></span> 
     </span>
    </p>
   </div>
   <div class='ocr_carea' id='block_1_7' title="bbox 101 3679 1272 3818">
    <p class='ocr_par' dir='ltr' id='par_1_11' title="bbox 101 3679 1272 3818">
     <span class='ocr_line' id='line_1_37' title="bbox 101 3679 1272 3750; baseline 0.003 -19"><span class='ocrx_word' id='word_1_378' title='bbox 101 3684 118 3746; x_wconf 83' lang='lat'>§</span> <span class='ocrx_word' id='word_1_379' title='bbox 140 3685 179 3733; x_wconf 85' lang='lat'><strong>19.</strong></span> <span class='ocrx_word' id='word_1_380' title='bbox 197 3689 225 3730; x_wconf 86' lang='lat' dir='ltr'><strong>ut</strong></span> <span class='ocrx_word' id='word_1_381' title='bbox 248 3679 376 3744; x_wconf 73' lang='lat' dir='ltr'><strong>prolegg.</strong></span> <span class='ocrx_word' id='word_1_382' title='bbox 396 3695 421 3743; x_wconf 89' lang='lat' dir='ltr'><strong>p.</strong></span> <span class='ocrx_word' id='word_1_383' title='bbox 443 3695 488 3728; x_wconf 84' lang='lat' dir='ltr'><strong>sur</strong></span> <span class='ocrx_word' id='word_1_384' title='bbox 507 3697 548 3746; x_wconf 85' lang='lat' dir='ltr'><strong>sq.</strong></span> <span class='ocrx_word' id='word_1_385' title='bbox 713 3682 818 3734; x_wconf 85' lang='lat' dir='ltr'><strong>dictum</strong></span> <span class='ocrx_word' id='word_1_386' title='bbox 838 3690 881 3735; x_wconf 85' lang='lat' dir='ltr'><strong>est</strong></span> <span class='ocrx_word' id='word_1_387' title='bbox 899 3700 949 3750; x_wconf 87' lang='lat' dir='ltr'><strong>pro</strong></span> <span class='ocrx_word' id='word_1_388' title='bbox 965 3687 1077 3738; x_wconf 83' lang='lat' dir='ltr'><strong>sissitssr</strong></span> <span class='ocrx_word' id='word_1_389' title='bbox 1095 3702 1127 3736; x_wconf 82' lang='lat' dir='ltr'><strong>uc</strong></span> <span class='ocrx_word' id='word_1_390' title='bbox 1145 3685 1209 3737; x_wconf 81' lang='lat' dir='ltr'><strong>sesti</strong></span> <span class='ocrx_word' id='word_1_391' title='bbox 1225 3700 1272 3735; x_wconf 82' lang='lat' dir='ltr'><strong>ss-</strong></span> 
     </span>
     <span class='ocr_line' id='line_1_38' title="bbox 135 3746 782 3818; baseline 0.002 -20"><span class='ocrx_word' id='word_1_392' title='bbox 135 3750 215 3800; x_wconf 84' lang='lat' dir='ltr'><strong>uestri</strong></span> <span class='ocrx_word' id='word_1_393' title='bbox 234 3747 286 3799; x_wconf 86' lang='lat' dir='ltr'><strong>oris</strong></span> <span class='ocrx_word' id='word_1_394' title='bbox 304 3754 368 3797; x_wconf 84' lang='lat' dir='ltr'><strong>notu</strong></span> <span class='ocrx_word' id='word_1_395' title='bbox 391 3747 553 3814; x_wconf 78' lang='lat' dir='ltr'><strong>uolubilitas]</strong></span> <span class='ocrx_word' id='word_1_396' title='bbox 576 3746 618 3800; x_wconf 91' lang='grc'><strong>01.</strong></span> <span class='ocrx_word' id='word_1_397' title='bbox 638 3767 663 3802; x_wconf 88' lang='lat' dir='ltr'><strong>o.</strong></span> <span class='ocrx_word' id='word_1_398' title='bbox 711 3752 782 3818; x_wconf 80' lang='lat' dir='ltr'><strong>pilli.</strong></span> 
     </span>
    </p>
   </div>
   <div class='ocr_carea' id='block_1_8' title="bbox 101 3815 1274 4287">
    <p class='ocr_par' dir='ltr' id='par_1_12' title="bbox 101 3815 1274 4287">
     <span class='ocr_line' id='line_1_39' title="bbox 101 3815 1272 3882; baseline 0 -17"><span class='ocrx_word' id='word_1_399' title='bbox 101 3820 127 3878; x_wconf 78' lang='lat' dir='ltr'><strong>ts,</strong></span> <span class='ocrx_word' id='word_1_400' title='bbox 148 3819 163 3879; x_wconf 73' lang='lat' dir='ltr'>S</span> <span class='ocrx_word' id='word_1_401' title='bbox 181 3820 207 3866; x_wconf 78' lang='lat'><strong>2.</strong></span> <span class='ocrx_word' id='word_1_402' title='bbox 746 3833 804 3868; x_wconf 83' lang='lat' dir='ltr'><strong>suns</strong></span> <span class='ocrx_word' id='word_1_403' title='bbox 823 3817 941 3869; x_wconf 85' lang='lat' dir='ltr'><strong>dentium</strong></span> <span class='ocrx_word' id='word_1_404' title='bbox 959 3818 1034 3871; x_wconf 85' lang='lat' dir='ltr'><strong>dolor</strong></span> <span class='ocrx_word' id='word_1_405' title='bbox 1054 3816 1102 3882; x_wconf 86' lang='lat' dir='ltr'><strong>sst]</strong></span> <span class='ocrx_word' id='word_1_406' title='bbox 1121 3815 1140 3867; x_wconf 88' lang='lat' dir='ltr'><strong>i.</strong></span> <span class='ocrx_word' id='word_1_407' title='bbox 1161 3831 1185 3867; x_wconf 86' lang='lat' dir='ltr'><strong>a.</strong></span> <span class='ocrx_word' id='word_1_408' title='bbox 1209 3830 1272 3866; x_wconf 83' lang='lat' dir='ltr'><strong>oum</strong></span> 
     </span>
     <span class='ocr_line' id='line_1_40' title="bbox 136 3879 934 3946; baseline -0.003 -12"><span class='ocrx_word' id='word_1_409' title='bbox 136 3888 177 3934; x_wconf 85' lang='grc'><strong>10.</strong></span> <span class='ocrx_word' id='word_1_410' title='bbox 211 3881 343 3946; x_wconf 78' lang='lat' dir='ltr'><strong>renidens]</strong></span> <span class='ocrx_word' id='word_1_411' title='bbox 363 3879 405 3930; x_wconf 89' lang='grc'><strong>01.</strong></span> <span class='ocrx_word' id='word_1_412' title='bbox 424 3879 445 3943; x_wconf 90' lang='lat' dir='ltr'><strong>l,</strong></span> <span class='ocrx_word' id='word_1_413' title='bbox 464 3885 490 3946; x_wconf 79' lang='lat'><strong>4,</strong></span> <span class='ocrx_word' id='word_1_414' title='bbox 508 3885 532 3932; x_wconf 86' lang='lat'><strong>4.</strong></span> <span class='ocrx_word' id='word_1_415' title='bbox 713 3882 934 3936; x_wconf 85' lang='lat' dir='ltr'><strong>dantasdolant.</strong></span> 
     </span>
     <span class='ocr_line' id='line_1_41' title="bbox 136 3947 1274 4018; baseline 0.001 -18"><span class='ocrx_word' id='word_1_416' title='bbox 136 3948 664 4015; x_wconf 78' lang='lat' dir='ltr'><strong>ll.rffsctui]irlcrrrvaletquodGrsa·</strong></span> <span class='ocrx_word' id='word_1_417' title='bbox 748 3953 789 4001; x_wconf 72' lang='lat'><strong>1⁴.</strong></span> <span class='ocrx_word' id='word_1_418' title='bbox 825 3953 925 4018; x_wconf 76' lang='lat' dir='ltr'><strong>unguis</strong></span> <span class='ocrx_word' id='word_1_419' title='bbox 949 3948 1075 4018; x_wconf 76' lang='lat' dir='ltr'><strong>quantus]</strong></span> <span class='ocrx_word' id='word_1_420' title='bbox 1101 3948 1175 4000; x_wconf 87' lang='lat' dir='ltr'><strong>idam</strong></span> <span class='ocrx_word' id='word_1_421' title='bbox 1197 3947 1274 4001; x_wconf 79' lang='lat' dir='ltr'><strong>salat</strong></span> 
     </span>
     <span class='ocr_line' id='line_1_42' title="bbox 102 4011 1272 4086; baseline -0.001 -19"><span class='ocrx_word' id='word_1_422' title='bbox 102 4032 163 4067; x_wconf 85' lang='lat' dir='ltr'><strong>cum</strong></span> <span class='ocrx_word' id='word_1_423' title='bbox 182 4011 311 4080; x_wconf 76' lang='grc' dir='ltr'><strong>ἐνέργεια.</strong></span> <span class='ocrx_word' id='word_1_424' title='bbox 347 4015 389 4066; x_wconf 85' lang='grc'><strong>01,</strong></span> <span class='ocrx_word' id='word_1_425' title='bbox 410 4016 439 4077; x_wconf 94' lang='lat' dir='ltr'><strong>l,</strong></span> <span class='ocrx_word' id='word_1_426' title='bbox 460 4021 501 4083; x_wconf 79' lang='lat' dir='ltr'><strong>tt,</strong></span> <span class='ocrx_word' id='word_1_427' title='bbox 518 4021 542 4068; x_wconf 79' lang='grc'><strong>4.</strong></span> <span class='ocrx_word' id='word_1_428' title='bbox 566 4018 662 4070; x_wconf 78' lang='lat' dir='ltr'><strong>Ostra·</strong></span> <span class='ocrx_word' id='word_1_429' title='bbox 713 4032 747 4068; x_wconf 84' lang='lat' dir='ltr'><strong>ac</strong></span> <span class='ocrx_word' id='word_1_430' title='bbox 775 4034 807 4069; x_wconf 85' lang='lat' dir='ltr'><strong>su</strong></span> <span class='ocrx_word' id='word_1_431' title='bbox 850 4035 895 4069; x_wconf 85' lang='lat' dir='ltr'><strong>ors</strong></span> <span class='ocrx_word' id='word_1_432' title='bbox 918 4018 1020 4086; x_wconf 79' lang='lat' dir='ltr'><strong>unguis</strong></span> <span class='ocrx_word' id='word_1_433' title='bbox 1045 4032 1123 4083; x_wconf 79' lang='lat' dir='ltr'><strong>quus.</strong></span> <span class='ocrx_word' id='word_1_434' title='bbox 1167 4014 1272 4067; x_wconf 78' lang='lat' dir='ltr'><strong>Eodem</strong></span> 
     </span>
     <span class='ocr_line' id='line_1_43' title="bbox 103 4034 1274 4153; baseline -0.002 -18"><span class='ocrx_word' id='word_1_435' title='bbox 103 4085 142 4135; x_wconf 86' lang='lat' dir='ltr'><strong>dit</strong></span> <span class='ocrx_word' id='word_1_436' title='bbox 160 4085 239 4133; x_wconf 88' lang='lat' dir='ltr'><strong>unius</strong></span> <span class='ocrx_word' id='word_1_437' title='bbox 262 4083 305 4132; x_wconf 79' lang='lat' dir='ltr'><strong>dci</strong></span> <span class='ocrx_word' id='word_1_438' title='bbox 330 4085 476 4146; x_wconf 73' lang='lat' dir='ltr'><strong>effectus</strong></span> <span class='ocrx_word' id='word_1_439' title='bbox 501 4087 591 4137; x_wconf 86' lang='lat' dir='ltr'><strong>uarios</strong></span> <span class='ocrx_word' id='word_1_440' title='bbox 611 4100 662 4153; x_wconf 85' lang='lat' dir='ltr'><strong>pro</strong></span> <span class='ocrx_word' id='word_1_441' title='bbox 713 4085 795 4136; x_wconf 92' lang='lat' dir='ltr'><strong>modo</strong></span> <span class='ocrx_word' id='word_1_442' title='bbox 824 4034 898 4137; x_wconf 72' lang='lat' dir='ltr'><strong>dina</strong></span> <span class='ocrx_word' id='word_1_443' title='bbox 927 4084 1031 4136; x_wconf 86' lang='lat' dir='ltr'><strong>dicitur</strong></span> <span class='ocrx_word' id='word_1_444' title='bbox 1056 4084 1102 4150; x_wconf 75' lang='lat' dir='ltr'><strong>qui</strong></span> <span class='ocrx_word' id='word_1_445' title='bbox 1128 4098 1178 4149; x_wconf 85' lang='lat' dir='ltr'><strong>pro</strong></span> <span class='ocrx_word' id='word_1_446' title='bbox 1205 4099 1274 4150; x_wconf 75' lang='lat' dir='ltr'><strong>quus</strong></span> 
     </span>
     <span class='ocr_line' id='line_1_44' title="bbox 103 4150 1274 4221; baseline 0 -19"><span class='ocrx_word' id='word_1_447' title='bbox 103 4151 187 4202; x_wconf 82' lang='lat' dir='ltr'><strong>uariis</strong></span> <span class='ocrx_word' id='word_1_448' title='bbox 209 4150 348 4200; x_wconf 75' lang='lat' dir='ltr'><strong>cmsendos</strong></span> <span class='ocrx_word' id='word_1_449' title='bbox 367 4167 422 4201; x_wconf 84' lang='lat' dir='ltr'><strong>esse</strong></span> <span class='ocrx_word' id='word_1_450' title='bbox 443 4154 606 4213; x_wconf 79' lang='lat' dir='ltr'><strong>numinibus,</strong></span> <span class='ocrx_word' id='word_1_451' title='bbox 635 4158 663 4204; x_wconf 86' lang='lat' dir='ltr'><strong>at</strong></span> <span class='ocrx_word' id='word_1_452' title='bbox 711 4168 777 4220; x_wconf 83' lang='lat' dir='ltr'><strong>pars</strong></span> <span class='ocrx_word' id='word_1_453' title='bbox 802 4158 830 4204; x_wconf 84' lang='lat' dir='ltr'><strong>at</strong></span> <span class='ocrx_word' id='word_1_454' title='bbox 855 4154 974 4221; x_wconf 79' lang='lat' dir='ltr'><strong>superior</strong></span> <span class='ocrx_word' id='word_1_455' title='bbox 999 4167 1050 4218; x_wconf 86' lang='lat' dir='ltr'><strong>pro</strong></span> <span class='ocrx_word' id='word_1_456' title='bbox 1075 4151 1193 4218; x_wconf 75' lang='lat' dir='ltr'><strong>superior</strong></span> <span class='ocrx_word' id='word_1_457' title='bbox 1217 4150 1274 4203; x_wconf 78' lang='lat' dir='ltr'><strong>sias</strong></span> 
     </span>
     <span class='ocr_line' id='line_1_45' title="bbox 102 4217 785 4287; baseline 0.004 -19"><span class='ocrx_word' id='word_1_458' title='bbox 102 4222 143 4269; x_wconf 87' lang='lat'><strong>11.</strong></span> <span class='ocrx_word' id='word_1_459' title='bbox 165 4217 228 4282; x_wconf 80' lang='lat' dir='ltr'><strong>quio</strong></span> <span class='ocrx_word' id='word_1_460' title='bbox 250 4218 347 4268; x_wconf 86' lang='lat' dir='ltr'><strong>similes</strong></span> <span class='ocrx_word' id='word_1_461' title='bbox 368 4225 428 4268; x_wconf 92' lang='lat' dir='ltr'><strong>sunt</strong></span> <span class='ocrx_word' id='word_1_462' title='bbox 449 4221 511 4270; x_wconf 90' lang='lat' dir='ltr'><strong>solis</strong></span> <span class='ocrx_word' id='word_1_463' title='bbox 528 4220 671 4285; x_wconf 53' lang='lat' dir='ltr'><strong>essentia</strong></span> <span class='ocrx_word' id='word_1_464' title='bbox 711 4236 785 4287; x_wconf 81' lang='lat' dir='ltr'><strong>pars.</strong></span> 
     </span>
    </p>
   </div>
   <div class='ocr_carea' id='block_1_9' title="bbox 102 4282 1274 4418">
    <p class='ocr_par' dir='ltr' id='par_1_13' title="bbox 102 4282 1274 4418">
     <span class='ocr_line' id='line_1_46' title="bbox 102 4282 1274 4355; baseline -0.001 -19"><span class='ocrx_word' id='word_1_465' title='bbox 102 4286 161 4336; x_wconf 82' lang='lat' dir='ltr'><strong>tus</strong></span> <span class='ocrx_word' id='word_1_466' title='bbox 182 4285 328 4345; x_wconf 73' lang='lat' dir='ltr'><strong>affectus</strong></span> <span class='ocrx_word' id='word_1_467' title='bbox 347 4284 434 4334; x_wconf 85' lang='lat' dir='ltr'><strong>lunae.</strong></span> <span class='ocrx_word' id='word_1_468' title='bbox 747 4285 883 4339; x_wconf 77' lang='lat' dir='ltr'><strong>crassando</strong></span> <span class='ocrx_word' id='word_1_469' title='bbox 900 4284 1004 4355; x_wconf 79' lang='lat' dir='ltr'><strong>pergit]</strong></span> <span class='ocrx_word' id='word_1_470' title='bbox 1023 4283 1083 4336; x_wconf 83' lang='lat' dir='ltr'><strong>l’id.</strong></span> <span class='ocrx_word' id='word_1_471' title='bbox 1100 4282 1231 4354; x_wconf 77' lang='lat' dir='ltr'><strong>prolsgg.</strong></span> <span class='ocrx_word' id='word_1_472' title='bbox 1246 4301 1274 4350; x_wconf 81' lang='lat' dir='ltr'><strong>p.</strong></span> 
     </span>
     <span class='ocr_line' id='line_1_47' title="bbox 135 4350 839 4418; baseline 0.004 -19"><span class='ocrx_word' id='word_1_473' title='bbox 135 4351 164 4399; x_wconf 88' lang='lat' dir='ltr'><strong>in</strong></span> <span class='ocrx_word' id='word_1_474' title='bbox 196 4350 304 4400; x_wconf 77' lang='lat' dir='ltr'><strong>humore</strong></span> <span class='ocrx_word' id='word_1_475' title='bbox 336 4358 416 4416; x_wconf 77' lang='lat' dir='ltr'><strong>utque</strong></span> <span class='ocrx_word' id='word_1_476' title='bbox 446 4352 557 4403; x_wconf 86' lang='lat' dir='ltr'><strong>mollitia</strong></span> <span class='ocrx_word' id='word_1_477' title='bbox 590 4351 661 4418; x_wconf 88' lang='lat' dir='ltr'><strong>sunt]</strong></span> <span class='ocrx_word' id='word_1_478' title='bbox 713 4370 748 4405; x_wconf 85' lang='lat' dir='ltr'><strong>sr.</strong></span> <span class='ocrx_word' id='word_1_479' title='bbox 769 4354 839 4404; x_wconf 82' lang='lat' dir='ltr'><strong>mad.</strong></span> 
     </span>
    </p>
   </div>
   <div class='ocr_carea' id='block_1_10' title="bbox 100 4416 1276 4891">
    <p class='ocr_par' dir='ltr' id='par_1_14' title="bbox 103 4416 1097 4487">
     <span class='ocr_line' id='line_1_48' title="bbox 103 4416 1097 4487; baseline 0.003 -19"><span class='ocrx_word' id='word_1_480' title='bbox 103 4416 206 4468; x_wconf 81' lang='lat' dir='ltr'><strong>Eodem</strong></span> <span class='ocrx_word' id='word_1_481' title='bbox 227 4417 307 4467; x_wconf 90' lang='lat' dir='ltr'><strong>modo</strong></span> <span class='ocrx_word' id='word_1_482' title='bbox 326 4420 341 4480; x_wconf 68' lang='grc' dir='ltr'><strong>ς</strong></span> <span class='ocrx_word' id='word_1_483' title='bbox 359 4421 399 4467; x_wconf 82' lang='grc'><strong>13.</strong></span> <span class='ocrx_word' id='word_1_484' title='bbox 419 4417 522 4469; x_wconf 86' lang='lat' dir='ltr'><strong>dicitnr</strong></span> <span class='ocrx_word' id='word_1_485' title='bbox 540 4419 567 4470; x_wconf 92' lang='lat' dir='ltr'><strong>in</strong></span> <span class='ocrx_word' id='word_1_486' title='bbox 586 4436 663 4472; x_wconf 82' lang='lat' dir='ltr'><strong>sensu</strong></span> <span class='ocrx_word' id='word_1_487' title='bbox 747 4420 865 4487; x_wconf 82' lang='lat' dir='ltr'><strong>corpora]</strong></span> <span class='ocrx_word' id='word_1_488' title='bbox 886 4417 930 4470; x_wconf 90' lang='grc'><strong>01.</strong></span> <span class='ocrx_word' id='word_1_489' title='bbox 950 4435 974 4470; x_wconf 87' lang='lat' dir='ltr'><strong>c.</strong></span> <span class='ocrx_word' id='word_1_490' title='bbox 992 4422 1020 4483; x_wconf 81' lang='grc' dir='ltr'><strong>θ,</strong></span> <span class='ocrx_word' id='word_1_491' title='bbox 1038 4421 1055 4483; x_wconf 71' lang='lat' dir='ltr'>S</span> <span class='ocrx_word' id='word_1_492' title='bbox 1073 4423 1097 4471; x_wconf 81' lang='grc'><strong>7.</strong></span> 
     </span>
    </p>

    <p class='ocr_par' dir='ltr' id='par_1_15' title="bbox 101 4484 1276 4618">
     <span class='ocr_line' id='line_1_49' title="bbox 101 4484 1276 4553; baseline -0.003 -16"><span class='ocrx_word' id='word_1_493' title='bbox 101 4493 148 4544; x_wconf 81' lang='lat' dir='ltr'><strong>ast,</strong></span> <span class='ocrx_word' id='word_1_494' title='bbox 168 4492 198 4533; x_wconf 91' lang='lat' dir='ltr'><strong>ot</strong></span> <span class='ocrx_word' id='word_1_495' title='bbox 217 4484 395 4550; x_wconf 79' lang='lat' dir='ltr'><strong>significatur</strong></span> <span class='ocrx_word' id='word_1_496' title='bbox 413 4485 550 4537; x_wconf 82' lang='lat' dir='ltr'><strong>condicio.</strong></span> <span class='ocrx_word' id='word_1_497' title='bbox 746 4496 819 4540; x_wconf 76' lang='lat' dir='ltr'><strong>tuctu</strong></span> <span class='ocrx_word' id='word_1_498' title='bbox 838 4487 890 4553; x_wconf 78' lang='lat' dir='ltr'><strong>sui]</strong></span> <span class='ocrx_word' id='word_1_499' title='bbox 912 4486 1062 4552; x_wconf 81' lang='lat' dir='ltr'><strong>respondet</strong></span> <span class='ocrx_word' id='word_1_500' title='bbox 1081 4485 1117 4537; x_wconf 86' lang='lat' dir='ltr'><strong>ils</strong></span> <span class='ocrx_word' id='word_1_501' title='bbox 1136 4499 1207 4551; x_wconf 80' lang='lat' dir='ltr'><strong>quas</strong></span> <span class='ocrx_word' id='word_1_502' title='bbox 1225 4498 1276 4535; x_wconf 84' lang='lat' dir='ltr'><strong>su·</strong></span> 
     </span>
     <span class='ocr_line' id='line_1_50' title="bbox 137 4551 1275 4618; baseline -0.001 -17"><span class='ocrx_word' id='word_1_503' title='bbox 137 4555 176 4601; x_wconf 79' lang='grc'><strong>12.</strong></span> <span class='ocrx_word' id='word_1_504' title='bbox 213 4570 264 4602; x_wconf 91' lang='lat' dir='ltr'><strong>non</strong></span> <span class='ocrx_word' id='word_1_505' title='bbox 283 4551 380 4618; x_wconf 87' lang='lat' dir='ltr'><strong>potuit]</strong></span> <span class='ocrx_word' id='word_1_506' title='bbox 398 4552 440 4602; x_wconf 87' lang='grc'><strong>01.</strong></span> <span class='ocrx_word' id='word_1_507' title='bbox 459 4570 483 4603; x_wconf 85' lang='lat' dir='ltr'><strong>e.</strong></span> <span class='ocrx_word' id='word_1_508' title='bbox 501 4555 561 4617; x_wconf 80' lang='lat'><strong>8,§</strong></span> <span class='ocrx_word' id='word_1_509' title='bbox 582 4557 664 4606; x_wconf 71' lang='lat' dir='ltr'><strong>lbet</strong></span> <span class='ocrx_word' id='word_1_510' title='bbox 715 4555 857 4606; x_wconf 81' lang='lat' dir='ltr'><strong>tseeduntr</strong></span> <span class='ocrx_word' id='word_1_511' title='bbox 887 4555 910 4604; x_wconf 89' lang='lat' dir='ltr'><strong>si</strong></span> <span class='ocrx_word' id='word_1_512' title='bbox 926 4561 1026 4605; x_wconf 83' lang='lat' dir='ltr'><strong>secatur</strong></span> <span class='ocrx_word' id='word_1_513' title='bbox 1046 4558 1074 4604; x_wconf 85' lang='lat' dir='ltr'><strong>at</strong></span> <span class='ocrx_word' id='word_1_514' title='bbox 1094 4554 1119 4604; x_wconf 93' lang='lat' dir='ltr'><strong>si</strong></span> <span class='ocrx_word' id='word_1_515' title='bbox 1133 4551 1275 4603; x_wconf 78' lang='lat' dir='ltr'><strong>avellatur.</strong></span> 
     </span>
    </p>

    <p class='ocr_par' dir='ltr' id='par_1_16' title="bbox 101 4617 1275 4769">
     <span class='ocr_line' id='line_1_51' title="bbox 101 4617 1275 4686; baseline -0.003 -14"><span class='ocrx_word' id='word_1_516' title='bbox 101 4637 126 4672; x_wconf 88' lang='lat' dir='ltr'><strong>c.</strong></span> <span class='ocrx_word' id='word_1_517' title='bbox 148 4622 218 4683; x_wconf 82' lang='lat' dir='ltr'><strong>ro,§</strong></span> <span class='ocrx_word' id='word_1_518' title='bbox 240 4622 276 4668; x_wconf 90' lang='lat' dir='ltr'><strong>tt.</strong></span> <span class='ocrx_word' id='word_1_519' title='bbox 297 4627 447 4670; x_wconf 83' lang='lat' dir='ltr'><strong>eoruarunt.</strong></span> <span class='ocrx_word' id='word_1_520' title='bbox 713 4621 757 4674; x_wconf 90' lang='grc'><strong>01.</strong></span> <span class='ocrx_word' id='word_1_521' title='bbox 775 4640 799 4673; x_wconf 84' lang='lat' dir='ltr'><strong>c.</strong></span> <span class='ocrx_word' id='word_1_522' title='bbox 816 4627 847 4685; x_wconf 83' lang='grc' dir='ltr'><strong>θ,</strong></span> <span class='ocrx_word' id='word_1_523' title='bbox 869 4622 882 4686; x_wconf 62' lang='grc' dir='ltr'>ᾗ</span> <span class='ocrx_word' id='word_1_524' title='bbox 903 4622 942 4671; x_wconf 77' lang='lat'><strong>1³.</strong></span> <span class='ocrx_word' id='word_1_525' title='bbox 978 4619 1108 4670; x_wconf 82' lang='lat' dir='ltr'><strong>Getarum</strong></span> <span class='ocrx_word' id='word_1_526' title='bbox 1127 4617 1275 4670; x_wconf 81' lang='lat' dir='ltr'><strong>dicendum</strong></span> 
     </span>
     <span class='ocr_line' id='line_1_52' title="bbox 134 4685 1257 4769; baseline -0.001 -32"><span class='ocrx_word' id='word_1_527' title='bbox 134 4687 177 4738; x_wconf 82' lang='lat' dir='ltr'><strong>nal</strong></span> <span class='ocrx_word' id='word_1_528' title='bbox 196 4724 220 4738; x_wconf 92' lang='lat'><strong>..</strong></span> <span class='ocrx_word' id='word_1_529' title='bbox 239 4685 295 4752; x_wconf 85' lang='lat' dir='ltr'><strong>ssu]</strong></span> <span class='ocrx_word' id='word_1_530' title='bbox 313 4686 372 4738; x_wconf 80' lang='lat' dir='ltr'><strong>l&#39;id.</strong></span> <span class='ocrx_word' id='word_1_531' title='bbox 391 4687 464 4754; x_wconf 89' lang='lat' dir='ltr'><strong>prol.</strong></span> <span class='ocrx_word' id='word_1_532' title='bbox 482 4704 509 4769; x_wconf 90' lang='lat' dir='ltr'><strong>p.</strong></span> <span class='ocrx_word' id='word_1_533' title='bbox 527 4704 583 4740; x_wconf 81' lang='lat' dir='ltr'><strong>scr.</strong></span> <span class='ocrx_word' id='word_1_534' title='bbox 602 4687 663 4740; x_wconf 85' lang='lat' dir='ltr'><strong>lloc</strong></span> <span class='ocrx_word' id='word_1_535' title='bbox 714 4695 787 4742; x_wconf 83' lang='lat' dir='ltr'><strong>srstr</strong></span> <span class='ocrx_word' id='word_1_536' title='bbox 807 4706 858 4755; x_wconf 78' lang='lat' dir='ltr'><strong>qua</strong></span> <span class='ocrx_word' id='word_1_537' title='bbox 871 4695 942 4740; x_wconf 85' lang='lat' dir='ltr'><strong>tacta</strong></span> <span class='ocrx_word' id='word_1_538' title='bbox 954 4687 1032 4738; x_wconf 70' lang='lat' dir='ltr'><strong>sono</strong></span> <span class='ocrx_word' id='word_1_539' title='bbox 1048 4722 1071 4738; x_wconf 88' lang='lat'><strong>..</strong></span> <span class='ocrx_word' id='word_1_540' title='bbox 1090 4686 1257 4739; x_wconf 77' lang='lat' dir='ltr'><strong>interimitur.</strong></span> 
     </span>
    </p>

    <p class='ocr_par' dir='ltr' id='par_1_17' title="bbox 100 4750 1274 4825">
     <span class='ocr_line' id='line_1_53' title="bbox 100 4750 1274 4825; baseline 0 -21"><span class='ocrx_word' id='word_1_541' title='bbox 100 4754 162 4804; x_wconf 90' lang='lat' dir='ltr'><strong>loco</strong></span> <span class='ocrx_word' id='word_1_542' title='bbox 204 4752 343 4820; x_wconf 86' lang='lat' dir='ltr'><strong>particula</strong></span> <span class='ocrx_word' id='word_1_543' title='bbox 381 4757 423 4807; x_wconf 84' lang='lat' dir='ltr'><strong>oet</strong></span> <span class='ocrx_word' id='word_1_544' title='bbox 465 4754 665 4824; x_wconf 77' lang='lat' dir='ltr'><strong>disiunguntur</strong></span> <span class='ocrx_word' id='word_1_545' title='bbox 748 4758 867 4825; x_wconf 79' lang='lat' dir='ltr'><strong>inportat</strong></span> <span class='ocrx_word' id='word_1_546' title='bbox 885 4751 1011 4820; x_wconf 83' lang='lat' dir='ltr'><strong>dotorem]</strong></span> <span class='ocrx_word' id='word_1_547' title='bbox 1026 4753 1157 4806; x_wconf 77' lang='lat' dir='ltr'><strong>Variatur</strong></span> <span class='ocrx_word' id='word_1_548' title='bbox 1173 4750 1274 4816; x_wconf 83' lang='lat' dir='ltr'><strong>oratio,</strong></span> 
     </span>
    </p>

    <p class='ocr_par' dir='ltr' id='par_1_18' title="bbox 102 4820 1263 4891">
     <span class='ocr_line' id='line_1_54' title="bbox 102 4820 1263 4891; baseline -0.002 -18"><span class='ocrx_word' id='word_1_549' title='bbox 102 4821 188 4886; x_wconf 82' lang='lat' dir='ltr'><strong>sicca,</strong></span> <span class='ocrx_word' id='word_1_550' title='bbox 206 4820 346 4887; x_wconf 83' lang='lat' dir='ltr'><strong>particula</strong></span> <span class='ocrx_word' id='word_1_551' title='bbox 365 4839 410 4876; x_wconf 84' lang='lat' dir='ltr'><strong>sau</strong></span> <span class='ocrx_word' id='word_1_552' title='bbox 428 4823 569 4876; x_wconf 79' lang='lat' dir='ltr'><strong>humecta·</strong></span> <span class='ocrx_word' id='word_1_553' title='bbox 713 4840 798 4891; x_wconf 68' lang='lat' dir='ltr'><strong>qsa-</strong></span> <span class='ocrx_word' id='word_1_554' title='bbox 817 4838 905 4890; x_wconf 80' lang='lat' dir='ltr'><strong>supra</strong></span> <span class='ocrx_word' id='word_1_555' title='bbox 922 4822 1036 4890; x_wconf 72' lang='lat' dir='ltr'><strong>legatur</strong></span> <span class='ocrx_word' id='word_1_556' title='bbox 1049 4823 1123 4887; x_wconf 72' lang='lat' dir='ltr'><strong>sarit</strong></span> <span class='ocrx_word' id='word_1_557' title='bbox 1139 4820 1263 4875; x_wconf 63' lang='lat' dir='ltr'><strong>atum.</strong></span> 
     </span>
    </p>
   </div>
   <div class='ocr_carea' id='block_1_11' title="bbox 0 0 1422 5242">
    <p class='ocr_par' dir='ltr' id='par_1_19' title="bbox 0 0 1422 5242">
     <span class='ocr_line' id='line_1_55' title="bbox 0 0 1422 5242; baseline 0 0"><span class='ocrx_word' id='word_1_558' title='bbox 0 0 1422 5242; x_wconf 95' lang='lat' dir='ltr'><strong> </strong></span> 
     </span>
    </p>
   </div>
  </div>
 </body>
</html>
