2812 5242
166 130 227 197 168
638 128 849 196 uauuouu

162 299 296 364 volatus:
317 303 388 360 anta
409 294 500 381 pedes
521 295 621 379 imago
638 295 767 362 leminea
784 305 840 374 est,
854 295 941 360 cuius
956 296 1079 361 dextera
1095 297 1239 381 laevaque
1259 309 1331 363 sunt

112 384 247 467 68signa
271 383 466 447 feminarum:
500 401 535 444 ca
558 381 652 466 cingit
678 383 813 446 llcxuoso
836 380 990 446 volumine
1012 382 1113 446 draco.
1156 383 1269 448 Rodios
1298 385 1329 447 in

162 478 274 534 terram
297 487 427 615 superne
451 465 507 529 iaci
528 466 621 530 barba
642 467 773 531 demissa
794 466 960 550 significat:
977 466 1113 530 calathus
1133 487 1243 531 aureus
1264 489 1331 531 sur-

161 574 234 639 gens
262 552 294 616 in
321 561 415 616 atum
444 559 594 615 monstrat
618 552 750 617 aetheris
779 572 946 627 summam,
983 552 1065 615 unde
1096 551 1168 616 solis
1199 552 1333 616 creditur

163 659 230 702 esse
252 636 433 702 substantia:
464 635 567 699 hastae
589 645 681 721 atque
704 637 816 701 loricae
837 645 1015 720 argumento
1036 636 1136 719 imago
1158 636 1334 719 adiungitur

162 722 287 798 Martis,
322 742 413 806 quem
434 721 565 784 eundem
587 742 621 786 ac
644 721 738 786 solem
757 742 824 787 esso
845 721 1010 805 procedens
1032 741 1132 784 sermo
1156 720 1332 804 patefaciet:

163 806 300 872 Victoria
329 812 459 871 testatur
488 814 598 870 cuncta
629 807 766 872 submitti
796 805 886 870 huius
917 805 1023 869 sideris
1053 805 1211 889 potestati:
1249 806 1333 869 lloris

162 892 278 976 species
302 892 407 956 llorcm
435 911 537 954 rerum
563 899 748 974 protestatur
769 911 846 976 quas
872 889 920 954 hic
943 890 1018 954 dcus
1039 890 1201 954 inseminat
1222 911 1331 974 proge-

114 977 251 1044 dllnerat
271 976 353 1041 loret
372 975 468 1040 nutrit
492 984 694 1060 maturatque.
737 975 859 1060 Species
881 973 1009 1039 leminea
1032 982 1130 1039 terrae
1153 975 1253 1058 imago
1276 984 1333 1053 est,

164 1082 257 1146 quam
280 1062 325 1124 sol
345 1061 477 1144 desuper
496 1060 650 1125 inlustrat:
672 1059 757 1144 signa
776 1059 838 1125 duo
856 1080 954 1144 aeque
974 1058 1102 1123 leminea
1114 1060 1226 1144 quibus
1247 1061 1332 1124 amb-

163 1146 226 1209 itur
253 1145 342 1208 hlcn
370 1153 573 1228 naturamque
598 1145 769 1229 significant
792 1144 1042 1209 confamulantes:
1077 1153 1108 1208 et
1129 1143 1269 1208 draconis
1291 1144 1333 1208 el·

164 1230 249 1313 ligies
270 1167 439 1293 icxuosum
464 1229 522 1292 iter
543 1229 649 1293 sideris
673 1237 836 1294 monstrat:
870 1228 990 1312 aquilae
1010 1237 1135 1313 propter
1157 1228 1333 1292 altissimam

115 1313 353 1380 'lovelocitatem
376 1313 494 1378 volatus
516 1313 705 1379 altitudinem
734 1313 806 1381 solis
832 1313 1006 1378 ostendunt.
1049 1312 1162 1378 Addita
1185 1322 1230 1376 est
1253 1312 1331 1377 Gor-

164 1419 261 1481 gonea
283 1398 384 1476 vestis,
405 1397 487 1482 quod
504 1397 651 1474 Minerva,
675 1419 766 1483 quam
786 1397 877 1462 huius
899 1397 1066 1482 praesidem
1086 1396 1262 1482 accipimus,
1284 1419 1333 1461 so-

164 1482 200 1546 lis
220 1483 316 1547 virtus
336 1483 387 1546 sit:
410 1482 489 1546 sicut
511 1491 542 1547 et
561 1483 750 1569 Porphyrius
772 1490 902 1546 testatur
920 1482 1088 1547 Minervam
1107 1503 1173 1546 csse
1191 1483 1332 1546 virtutem

164 1568 238 1632 solis
261 1588 340 1651 quac
359 1566 500 1631 humanis
522 1568 674 1632 mentibus
695 1567 884 1653 prudentiam
912 1567 1130 1632 subministrat.
1164 1567 1240 1632 Nam
1263 1565 1333 1631 ideo

163 1650 239 1716 haec
273 1651 330 1715 dea
360 1651 441 1716 loris
474 1652 573 1735 eapite
603 1661 750 1737 prognata
780 1660 981 1729 memoratur,
1013 1651 1043 1716 id
1073 1660 1121 1717 est
1148 1650 1187 1716 de
1214 1671 1334 1715 summa

164 1736 295 1800 aetheris
337 1744 401 1801 arte
423 1735 514 1813 edita,
535 1736 617 1801 unde
638 1737 724 1822 origo
748 1736 820 1800 solis
840 1743 895 1800 est

248 1757 368 1885 xviil.
414 1822 499 1885 llaec
526 1841 605 1905 quae
631 1822 669 1886 de
695 1821 837 1906 Apolline
863 1819 994 1884 diximus
1021 1824 1150 1904 possunt
1178 1817 1268 1882 etiarn
1296 1818 1335 1882 do

115 1904 296 1988 lacopliboro
332 1905 412 1969 dicta
444 1905 618 1971 existimari.
670 1906 746 1971 Nam
780 1905 978 1981 Aristoteles,
1012 1903 1065 1988 qui
1087 1902 1333 1986 Theologumena

164 1989 302 2075 scripsit,
336 1989 508 2076 Apollinem
535 1998 566 2055 et
592 1990 735 2055 Liberum
764 1998 879 2076 patrem
908 2009 1004 2054 unum
1027 1987 1220 2073 eundemque
1242 1988 1334 2052 deum

231 2159 310 2226 [Mes.
330 2159 457 2213 ABGPS.

161 2256 216 2309 qn
234 2243 308 2294 nihil
327 2243 432 2296 elarius
450 2243 508 2296 inte
530 2244 590 2297 riae
609 2244 776 2297 sinceriuef‘
794 2244 881 2296 Gron.
917 2242 978 2295 l'id.
996 2245 1052 2293 not.
1080 2267 1115 2280 -
1138 2242 1241 2306 senine
1257 2240 1334 2307 (sup.

162 2309 227 2363 edd.
249 2317 281 2370 a)
299 2310 333 2364 G.
351 2341 386 2351 -
404 2314 503 2364 dextro
542 2313 660 2366 0811-
682 2313 881 2383 eigneeuntd.
969 2314 1011 2361 68.
1037 2307 1335 2376 superaeternum.

162 2392 199 2429 111.
218 2379 252 2429 G.
271 2405 303 2417 —
321 2381 441 2433 dimisae
452 2381 510 2437 BG.
524 2408 557 2419 -
574 2380 627 2449 εἰς’
629 2389 639 2434 t
655 2379 685 2433 S.
719 2382 822 2450 signet
838 2394 898 2445 v-g.
915 2404 948 2416 -
965 2384 1096 2428 monstrnt
1112 2378 1161 2429 eti
1177 2382 1252 2441 (nup.
1271 2376 1335 2427 add.

161 2445 316 2505 maecheris
329 2448 360 2497 Α.
378 2474 410 2485 -
426 2464 564 2499 sennenn
575 2464 637 2514 v-g.
655 2475 688 2486 -
707 2449 816 2500 eretria
829 2447 862 2497 A·
881 2473 914 2483 -
930 2445 1074 2513 procedent
1090 2443 1184 2509 emo]
1202 2460 1226 2494 e.
1244 2447 1285 2494 19.
1302 2469 1336 2480 -

158 2513 283 2578 patefiet
300 2513 377 2575 (sup.
396 2513 460 2562 edd.
473 2519 519 2573 ne)
530 2517 560 2564 Α.
579 2541 613 2551 -
631 2515 716 2566 nutrit
729 2517 806 2576 secet
816 2513 899 2578 Sv-g.
985 2515 1030 2563 69.
1052 2510 1206 2564 antinoon
1222 2511 1263 2575 (G
1277 2525 1295 2562 a
1309 2526 1336 2575 p.

162 2577 480 2637 1111411110-
497 2581 659 2641 fiunem
679 2595 756 2626 1.-
773 2579 802 2628 id
820 2586 858 2628 eet
875 2593 930 2627 orn.
946 2576 977 2626 A.

230 2594 328 2692 xt‘lli.
364 2643 459 2706 Caput.
478 2644 585 2692 XVlll.
618 2643 738 2692 Limen
793 2658 859 2708 eque
877 2649 980 2706 patrem
1000 2657 1059 2690 eum
1076 2642 1164 2706 ipsum
1179 2658 1235 2692 enee
1257 2642 1335 2693 dean

200 2724 239 2758 em
257 2709 346 2758 solem.
370 2707 449 2757 ela-le.
487 2708 525 2759 Ge
545 2743 552 2756 .
572 2706 646 2757 xxi.
672 2708 711 2758 De
730 2707 763 2756 ln
809 2714 933 2772 epatre:
956 2706 1077 2772 quodque
1092 2707 1161 2757 idern
1181 2708 1221 2757 eol
1239 2716 1265 2760 et
1286 2709 1335 2760 tn·-

180 2790 207 2824 11
222 2781 309 2838 poter.
330 2788 346 2822 v
366 2772 399 2835 (1.
422 2775 487 2838 cap.
506 2723 592 2832 flio.
631 2787 674 2825 nn
696 2788 810 2825 nrnnno
832 2786 930 2825 aaran
955 2772 989 2834 (11
1010 2771 1265 2837 inmg.)llGP12

199 2843 224 2889 1.
251 2840 285 2890 de
302 2838 396 2892 bitere
411 2847 512 2906 petre
528 2841 586 2891 s·la.
608 2866 641 2877 -
661 2842 809 2894 aestimari
827 2856 882 2892 e-z.
905 2865 938 2877 -
963 2839 1053 2890 moltis
1072 2840 1141 2903 (om.
1159 2838 1236 2897 otiis)
1256 2838 1333 2890 l’e·e.

159 2987 198 3039 rie
213 2986 359 3040 Genetricis
375 2995 468 3056 poetee
485 2989 648 3041 dedicavit.“
665 2988 722 3041 Aa·
771 2988 884 3042 videtur
902 2986 1072 3049 Macrobius,
1092 3002 1127 3038 ne
1146 3002 1232 3054 perro
1246 2985 1336 3038 inter·

160 3053 288 3106 verbiunr
304 3064 412 3123 propter
431 3072 484 3108 non
505 3063 577 3120 tam,
606 3061 636 3108 nt
660 3059 723 3108 salt
774 3057 850 3108 vallo
873 3061 1049 3122 repeteretur
1072 3055 1189 3106 verbum
1213 3062 1336 3108 testetur.

160 3120 337 3186 Gronovius,
367 3139 429 3173 eum
454 3124 540 3176 verbo
563 3124 722 3191 exprimunt,
772 3123 817 3176 01.
835 3124 936 3240 μοΙοῗ

160 3202 242 3254 quesn
258 3205 320 3241 curn
338 3188 450 3241 nomine
467 3193 582 3258 Aquilae
598 3198 642 3243 eet
659 3192 722 3243 lna·
806 3195 850 3242 69.
884 3191 901 3241 la
932 3189 974 3255 en]
1005 3188 1050 3240 01.
1081 3206 1105 3241 e.
1133 3193 1176 3240 22.
1206 3191 1223 3253 s
1251 3193 1275 3240 3.
1306 3196 1335 3243 et

159 3256 291 3323 gendum.
343 3256 477 3322 Explicet
511 3260 624 3326 Aquilae
653 3275 723 3327 pune
773 3257 882 3310 Cornan.
916 3261 1054 3320 ,19,11.

156 3337 241 3390 prope
260 3323 358 3375 edunt
375 3330 404 3375 et
421 3325 550 3377 conteres
570 3325 676 3379 οο111111.
696 3326 719 3390 Ι,
803 3333 912 3393 propter
927 3325 1086 3376 altissimam
1103 3322 1269 3374 velocitatem
1285 3339 1335 3374 eo·

157 3390 208 3452 21,
226 3392 251 3441 9.
277 3392 468 3459 Aegyptiorum
487 3402 579 3445 retro
597 3396 722 3446 meteret.
772 3392 855 3459 letus]
878 3391 1033 3443 Dicendum
1062 3396 1139 3442 erat:
1164 3397 1272 3455 propter
1291 3391 1335 3440 nl-

159 3461 189 3508 et
208 3455 319 3508 dediff.
337 3462 385 3522 15,
403 3463 445 3511 19.
465 3461 549 3512 omnm
565 3468 654 3513 retro
675 3477 723 3514 ee·
771 3460 903 3513 tiniam
930 3467 956 3511 et
985 3458 1176 3510 oeloeieeim
1205 3456 1334 3507 colatum.

158 3531 218 3588 tes,
248 3526 377 3593 prolegg.
401 3544 428 3594 p.
450 3543 541 3590 xnrr.;
572 3527 626 3578 nisi
649 3527 722 3580 torte
772 3526 888 3580 Similia
908 3525 964 3578 vid.
982 3526 1238 3594 prolegg.p.xr.rr.

157 3601 268 3659 propter
292 3608 388 3646 errore
411 3595 467 3646 lane
493 3596 660 3647 translata·
680 3602 724 3647 eet
806 3599 851 3646 ao.
887 3610 967 3660 qaeu
991 3593 1069 3644 teies
1089 3588 1238 3708 praesidere
1261 3588 1334 3666 eece·-

163 3662 276 3722 1969.
771 3660 873 3728 pimus]
899 3661 917 3711 i.
940 3676 965 3711 e.
991 3658 1072 3710 cuine
1115 3671 1169 3710 ene
1190 3669 1333 3719 properam

191 3727 300 3779 dextere
320 3725 460 3795 laevaque]
489 3726 508 3778 i.
526 3744 551 3779 e.
568 3743 585 3782 e
603 3728 721 3782 dextere
772 3726 1016 3794 eueneeipianne.
1286 3787 1292 3799 ·

159 3792 297 3860 laevaque
316 3800 406 3859 perte,
424 3794 550 3860 11169.
804 3796 838 3847 de
867 3810 970 3847 eamme
998 3790 1112 3844 eetlteria
1140 3795 1220 3854 perte
1248 3786 1333 3852 edeta]

191 3864 235 3910 68.
271 3863 299 3911 io
326 3870 423 3913 terrem
447 3879 561 3930 superea
583 3862 646 3930 inec]
674 3862 719 3913 01.
770 3860 1021 3924 01111.ΙΙΙ,4,6.
1058 3858 1199 3909 Pantanus
1218 3854 1336 3906 adnote-

937 3139 966 3190 ς.
985 3140 1013 3188 p·
1033 3137 1110 3173 xnrv.

159 3942 182 3976 e·
202 3930 243 3975 2².
264 3929 280 3989 ἓ
299 3931 324 3976 ².
354 3930 473 3994 Supeme
492 3931 519 3980 h.
539 3930 557 3981 l.
578 3928 652 3982 idem
672 3946 720 3981 va·
771 3929 826 3981 vit:
861 3926 1022 3993 „Arnolaine
1046 3924 1116 4044 iffl’
1142 3923 1200 3990 ³¹·]
1230 3922 1336 3974 doetis-

157 3992 198 4042 let
214 3993 286 4057 quod
307 4009 338 4043 ex
356 3996 426 4045 olto:
444 3997 492 4047 sed
512 3997 585 4048 idem
623 3998 676 4048 nod
693 3999 721 4049 in
772 3996 857 4047 eisne:
894 3995 1017 4046 Eundem
1065 4009 1116 4044 ene
1145 3992 1196 4043 olii
1224 3992 1336 4042 aethe-

157 4059 243 4110 eltum
261 4058 336 4124 apud
353 4060 478 4114 Plinium
495 4063 529 4114 N.
549 4065 585 4116 ΙΙ.
632 4064 720 4126 ΙΙΙ,6.
770 4080 858 4116 ream
885 4063 1045 4115 verticem
1073 4069 1104 4114 et
1131 4058 1337 4111 summitati·

158 4141 181 4177 e.
199 4127 242 4175 96.
268 4125 282 4190 1
304 4131 346 4176 16.
373 4128 466 4180 Selom
491 4131 540 4183 lane
562 4149 649 4200 genae
671 4149 721 4182 eu·
772 4128 1261 4198 ipeiueeeeeeummnrndieeeunt.
1278 4127 1337 4176 Me·

155 4208 255 4259 perne
270 4194 370 4256 tendit,
397 4213 451 4247 oon
468 4205 498 4249 ut
516 4207 603 4252 cetere
621 4199 650 4250 in
667 4207 721 4250 ter-
772 4197 884 4249 naorieen
900 4196 1034 4258 amelli,
1051 4195 1123 4248 ende
1138 4196 1224 4262 ipsum
1243 4208 1337 4243 nemea

158 4276 226 4311 m·
775 4265 907 4327 Minerva,
926 4265 1005 4333 poesi
1019 4264 1151 4332 quaedem
1163 4260 1336 4319 Memineroe,

190 4327 334 4393 procedent
369 4345 453 4384 sermo
484 4329 641 4400 patefaciet]
677 4330 721 4382 01.
771 4335 920 4398 tornantem
939 4333 1007 4384 eat.“

159 4395 290 4462 P¹⁰¹⁰ssll·
313 4414 337 4462 Ρ·
361 4413 431 4448 uu.
807 4398 943 4461 lell‚l.
969 4397 1120 4466 Apollinem
1135 4391 1295 4446 altilem
1312 4427 1336 4439 ..

189 4463 362 4530 protestatur]
386 4464 447 4518 lloe
468 4466 555 4519 verbe
573 4480 640 4518 nene
659 4481 721 4518 esee
772 4467 884 4522 eunden
901 4467 980 4520 dm
993 4454 1336 4530 momentaneum
