2812 5242
236 477 597 548 SATURNALIORUM
619 477 695 542 LlB.
717 478 786 543 vll.
812 476 905 544 GAP.
926 479 982 544 111.
999 479 1051 543 IV.
1164 482 1227 547 573

56 669 136 714 nem.
192 649 250 712 llic
283 647 402 712 adsensi
436 666 542 710 omnes
569 645 765 711 Praetextato
798 646 1010 730 anteloquium
1044 645 1258 724 detuleruntt

56 741 180 797 orantes
200 742 251 808 ut,
277 752 347 796 cum
375 732 440 816 ipse
458 730 622 814 coepisset,
647 731 755 795 ceteris
778 751 814 794 ex
836 730 888 795 iilo
908 729 1140 794 consultationis
1162 731 1229 795 eius

57 817 262 899 interrogandi
285 816 525 880 constitueretur
546 815 728 899 exemplum.
771 816 849 878 Tum
875 814 938 878 ille:
961 815 1096 893 Quaero,
1119 815 1258 898 inquit3

57 911 161 965 utrum
184 902 310 985 simplex
330 921 369 964 an
393 899 552 983 multiplex
568 897 655 963 cibus
673 898 793 982 digestu
819 898 859 961 eit
886 897 1016 962 fecilior:
1052 899 1124 983 quia
1150 899 1228 962 mul-

57 995 106 1049 tos
128 986 224 1062 bunc,
249 985 413 1049 nonnullos
435 983 519 1047 illum
541 989 692 1046 sectantes
712 982 859 1046 videmus.
901 983 944 1046 Et
964 983 1154 1065 estquidam
1178 1003 1228 1047 su-

59 1072 151 1154 perba
182 1079 214 1134 et
243 1078 407 1133 contumax
439 1076 470 1131 et
491 1067 575 1131 velut
598 1066 646 1130 sui
675 1067 854 1131 ostentatrix
884 1067 1088 1131 continentie:
1123 1076 1228 1131 contra

58 1175 218 1218 amoenam
250 1175 283 1218 se
314 1163 346 1218 et
378 1172 496 1216 comem
521 1150 693 1235 adpetentia
720 1151 785 1215 vult
812 1150 917 1215 videri.
961 1151 1039 1216 Cum
1068 1172 1140 1235 ergo
1167 1173 1229 1216 una

60 1240 197 1302 censoria
218 1239 272 1313 sit,
304 1237 432 1301 delicata
459 1237 566 1311 altera,
594 1235 672 1299 scire
695 1255 713 1298 e
736 1235 836 1299 uidem
856 1234 943 1298 velim
965 1256 1043 1318 quae
1064 1236 1229 1300 servandae

60 1323 161 1406 aptior
184 1322 224 1385 sit
244 1322 376 1386 saniteti.
420 1322 482 1385 Nec
505 1320 596 1402 longe
619 1255 769 1403 pecculus
790 1319 928 1383 adsertor
949 1328 1008 1395 est,
1047 1341 1116 1384 cum
1139 1321 1228 1385 Disa-

61 1407 124 1470 rius
143 1406 233 1481 adsit,
257 1405 403 1489 quiquid
425 1405 585 1468 conveniet
602 1403 782 1487 corporibus
802 1403 943 1467 humanis
963 1423 1024 1467 non
1045 1404 1147 1468 minus
1168 1406 1228 1469 oal-

61 1492 102 1554 let
120 1511 212 1574 quam
232 1490 297 1585 ipsa
316 1499 424 1553 natura
441 1488 572 1553 fabricae
592 1487 685 1550 huius
705 1495 814 1551 auctor
835 1495 867 1551 et
887 1487 999 1551 nutrix.
1043 1488 1136 1552 Dicas
1156 1509 1229 1572 ergo

62 1575 168 1651 velim,
203 1575 278 1656 quid
305 1573 344 1636 dc
369 1572 427 1636 hoe
454 1571 537 1657 quod
560 1571 717 1668 quaeritur
738 1571 907 1635 medicinae
928 1572 1007 1636 ratio
1038 1573 1229 1656 persuadeat

61 1659 93 1722 Si
117 1679 174 1734 me,
196 1658 335 1722 Diserius
353 1656 461 1741 inquit,
479 1657 589 1740 aliquis
609 1675 647 1719 ex
665 1656 752 1740 plebe
774 1655 974 1740 inperitorum
996 1657 1035 1720 de
1055 1657 1112 1721 bac
1134 1663 1259 1741 quae-4

62 1742 163 1805 stione
189 1742 406 1817 consuluisset,
443 1740 514 1825 quia
542 1740 660 1838 plebeia
685 1740 805 1822 ingenia
834 1739 930 1822 magis
951 1741 1097 1824 exemplis
1118 1760 1281 1828 quemme]

63 1827 180 1890 ratione
201 1825 371 1910 capiuntur,
393 1844 599 1889 ammonuisse
622 1823 706 1887 illum
728 1831 889 1887 contentus
909 1822 1004 1888 torem
1030 1824 1230 1890 institutionis

62 1911 231 1994 pecudum:
261 1911 463 1995 quibuscum
488 1909 616 1994 simplex
637 1915 670 1973 et
687 1906 848 1971 uniformis
871 1907 958 1972 cibus
980 1909 1036 1986 sit,
1061 1910 1160 1974 multo
1183 1931 1230 1975 sa-

62 1996 163 2058 niores
184 2002 256 2058 sunt
280 1996 461 2080 corporibus
479 1992 635 2070 humanis,
663 1999 695 2056 et
715 1992 794 2056 inter
814 1991 895 2075 ipsas
917 1992 985 2057 illae
1005 1995 1120 2057 morbis
1142 1994 1172 2057 in
1196 1995 1230 2058 li-

63 2087 171 2143 centur
200 2079 329 2163 quibus,
366 2088 402 2144 ut
429 2078 526 2144 altiles
552 2078 640 2154 bant,
673 2078 752 2141 offae
780 2075 956 2160 conpositae
985 2086 1016 2141 et
1048 2078 1159 2161 quibus
1182 2100 1229 2143 am

63 2163 264 2229 condimentis
284 2163 384 2229 variae
404 2163 582 2229 sarciuntur.
620 2160 684 2228 Noe
705 2160 860 2226 dubitaret
880 2158 1017 2247 posthae,
1034 2180 1105 2227 cum
1124 2163 1261 2230 adver-5

859 2369 928 2422 aad.
947 2369 1164 2440 sicabgspdsb]

65 2454 271 2504 constituerunt
290 2457 333 2504 st.
435 2457 461 2504 8.
489 2455 630 2507 Tuscilio.
660 2453 880 2523 quaestiones
908 2456 1085 2507 naturales
1108 2456 1232 2522 plsilos.

65 2522 168 2572 tertia
187 2521 239 2571 die
257 2522 530 2572 saturnaliorum.
549 2523 663 2587 Quaero.
681 2521 734 2571 ne.
754 2548 778 2559 -
796 2528 883 2573 utrum
902 2521 1011 2587 simplex
1028 2555 1052 2572 ..
1067 2523 1101 2573 eit
1111 2523 1232 2589 facilior]

65 2587 110 2636 Ct.
128 2587 202 2636 Plut.
219 2587 316 2653 Symp.
332 2587 376 2648 lv,
396 2592 418 2648 1,
439 2591 462 2639 t.
484 2614 518 2626 -
533 2589 645 2653 Jaciiias·
660 2588 696 2640 sit
713 2603 773 2654 vg.
789 2613 822 2625 -
848 2604 884 2639 ac
900 2595 1040 2638 contumax
1054 2603 1115 2655 v-g.
1138 2617 1164 2627 -
1186 2606 1233 2640 oc·

65 2654 122 2704 tuti
139 2653 207 2703 lldd.
225 2654 255 2704 P.
290 2654 385 2704 uelud
403 2654 456 2704 fle.
473 2681 504 2691 -
523 2672 619 2721 quasis
637 2670 758 2707 anenata
775 2655 843 2717 (om.
861 2654 1033 2716 emissura.
1062 2682 1090 2692 -
1118 2664 1143 2708 et
1161 2673 1232 2705 eom-

65 2737 184 2771 munem
199 2719 227 2771 S.
247 2747 278 2758 -
296 2721 413 2771 centorio
430 2721 464 2772 sit
480 2738 535 2772 ussa
554 2725 583 2773 vl
606 2724 656 2782 (vd
669 2722 717 2772 sit:
730 2725 808 2779 aaa).
833 2748 857 2757 -
879 2729 997 2771 contra
1015 2718 1128 2773 delicate
1147 2724 1233 2773 altera

66 2787 97 2837 P.
115 2814 147 2824 -
174 2787 252 2837 liuius
266 2789 388 2852 fabricae
405 2804 465 2853 r-g.
490 2815 517 2826 -
546 2789 627 2840 Dicas
645 2825 669 2841 ..
686 2789 846 2854 persuadeat
864 2803 919 2838 om.
939 2787 991 2837 Hb.
1092 2792 1118 2840 4.
1153 2789 1233 2839 Disa-

64 2854 129 2904 risss.
160 2855 191 2904 Si
206 2870 246 2904 nse
265 2856 362 2920 aliquis
385 2854 564 2921 (inqrsitadd.
584 2872 600 2906 rs
618 2872 675 2907 see.
691 2855 743 2917 sn.)
765 2854 817 2904 fla.
846 2882 878 2893 -
907 2854 1081 2906 institutionis
1104 2857 1234 2922 pecudum

129 2923 160 2982 (ἓ
180 2926 218 2980 t.)
237 2924 312 2988 copia
333 2921 495 2987 postulante]
515 2921 557 2972 Gi.
576 2923 650 2974 Plut.
670 2921 688 2973 l.
707 2938 746 2981 o.,
764 2925 789 2970 2.
821 2949 853 2958 -
883 2939 940 2972 curn
960 2923 1098 2989 (simplex)
1117 2922 1234 2973 ils-bl'll

67 2987 149 3037 itast.
186 3004 264 3053 quum
285 2992 343 3040 eda.
379 2990 407 3039 si
425 2992 542 3039 eumrl.
578 2988 834 3055 assuete-ligure.
871 3005 926 3039 om.
947 2989 999 3040 tir.
1022 3015 1055 3027 -
1084 2991 1234 3056 interipsa

66 3185 167 3229 torrem.
194 3178 237 3230 ct.
255 3178 384 3296 Spsnpos.
404 3196 429 3245 p.
446 3181 507 3229 214.
528 3174 573 3229 Σὺ
590 3172 626 3244 d’,
706 3136 933 3242 fabricae'buius]
960 3175 1003 3227 ct.
1023 3176 1127 3230 Cosam.
1144 3179 1172 3240 1,
1196 3182 1235 3242 lt,

66 3240 158 3310 ἐπειδὴ
185 3240 235 3296 osis
259 3261 270 3297 ε
301 3262 382 3310 naua,
409 3244 515 3305 δίκαιος
540 3239 567 3296 εἷ
589 3244 626 3297 el·
675 3250 700 3296 7.
716 3247 744 3296 ia
762 3246 932 3310 fabricam
951 3260 994 3292 eor
1014 3261 1095 3296 orum.

65 3308 287 3444 i‘ssl’ai‘i'iiu
326 3308 625 3429 id'tittffttitt
675 3313 816 3441 odibi·
834 3260 1234 3446 :ttttt‘tlb‘’silleti‘'

295 3411 303 3436 ‚
711 3415 717 3427 ,
808 3415 814 3426 ,
1222 3410 1233 3418 .

67 3439 159 3505 δεξιὰ,
186 3442 233 3493 καὶ
262 3439 335 3493 οὕτω
363 3441 430 3504 τοὺς
455 3430 568 3511 ducah,
597 3451 626 3497 ct
676 3446 729 3508 dit,
756 3451 784 3496 et
802 3461 816 3493 c
835 3446 894 3505 Η
917 3446 953 3493 15.
979 3444 1054 3508 Quod
1073 3483 1096 3496 ..
1116 3454 1233 3497 metaur-

69 3511 125 3560 vid.
142 3510 259 3559 Becker.
277 3509 403 3560 Charilsl.
424 3511 446 3572 1,
464 3527 491 3576 p.
508 3514 567 3562 466.
676 3513 737 3562 darn
756 3546 781 3560 ..
799 3511 875 3560 nulla
893 3511 986 3561 ratio
1002 3515 1194 3577 persuadet,
1210 3531 1233 3563 c.

100 3583 125 3627 2.
164 3577 214 3627 llic
237 3577 342 3626 adsensi
365 3576 463 3641 omncs]
497 3577 626 3629 Forsitan
677 3581 703 3633 8.
721 3578 733 3642 5
751 3582 777 3626 2·
808 3577 863 3627 Ποῦ
886 3585 973 3627 ultum
1000 3580 1039 3630 ila
1065 3597 1119 3630 em
1143 3583 1235 3631 ratio

68 3644 131 3709 qnia
152 3643 284 3693 insiluerit
303 3642 388 3692 scribi
408 3643 465 3705 Hie,
483 3660 566 3709 qrsusn
586 3645 627 3695 le·
676 3644 895 3759 persuadeat,
915 3651 944 3692 ss
958 3644 1036 3695 Caes.
1056 3647 1090 3695 do
1112 3646 1137 3696 b.
1158 3647 1235 3696 (lull.

68 3718 152 3776 gutur
180 3711 209 3773 l,
234 3713 277 3759 2⁴.
294 3713 336 3759 25.
368 3710 426 3759 llis
456 3728 512 3760 cunr
539 3728 628 3762 omnes
692 3710 789 3770 ‘1,1s.
813 3711 952 3776 inprimis
971 3712 1029 3762 laec
1053 3714 1144 3763 uoluat
1161 3729 1234 3779 pcr-

68 3778 282 3839 excandesceret,
308 3777 360 3839 ab,
382 3775 430 3826 sed
450 3777 628 3844 refragantur
678 3778 825 3839 suadere,
842 3776 889 3826 ubi
909 3777 963 3827 vid.
985 3779 1106 3842 lloreog.

68 3845 190 3895 codices.
711 3846 736 3892 4.
773 3845 947 3894 ammonuisse
976 3880 1002 3894 ..
1030 3852 1165 3895 contentus
1187 3846 1235 3908 so·

101 3909 291 3976 anteloquium]
309 3909 351 3959 Gt.
373 3908 394 3970 Ι,
413 3910 456 3970 24,
474 3913 517 3960 21.
677 3909 743 3974 rem]
760 3909 820 3958 l'id.
838 3918 893 3960 not.
910 3910 943 3961 ad
962 3911 1084 3973 l‚12‚2.

101 3996 133 4028 cx
144 3979 196 4041 filo
214 3977 415 4028 consultationi:
438 3976 503 4042 eius]
531 3974 575 4029 Gi.
600 3992 625 4029 c.
712 3976 896 4092 institutioni?
917 3992 934 4025 ι.
954 3993 978 4026 e.
996 3977 1095 4027 vietus.

67 4049 94 4094 ὓ.
114 4046 130 4104 S
149 4047 181 4102 ὃς
206 4042 256 4092 lib.
273 4043 323 4104 Vl,
342 4060 365 4092 o.
383 4044 408 4092 3.
428 4044 444 4104 §
462 4047 495 4103 93
514 4042 626 4095 haeret.
710 4043 859 4108 corporibus
896 4042 1010 4107 omanis]
1030 4042 1161 4093 Fortasse
1175 4040 1237 4092 Ms-

69 4110 113 4171 ll,
139 4111 190 4158 340
210 4125 252 4172 sq.
287 4110 385 4160 Debent
416 4110 541 4160 nimirum
573 4127 627 4161 aen
677 4110 789 4160 crebius
808 4108 901 4159 dicere
916 4108 1007 4158 noluit
1023 4109 1182 4174 bominibus,
1202 4124 1236 4159 no

70 4177 189 4226 omnibus
205 4175 292 4224 omnia
311 4191 431 4239 prorsum
453 4177 533 4227 iisse
549 4176 627 4242 pari
677 4176 721 4226 cui
740 4191 843 4241 anceps
859 4191 922 4225 esse
939 4174 1081 4225 rideretur
1097 4174 1140 4224 vis
1159 4174 1237 4227 vocis

68 4243 133 4301 filo
158 4241 289 4305 similique
304 4242 400 4305 affecta
411 4244 525 4309 figurae
550 4242 627 4293 Geli.
676 4244 807 4292 eaniores:
846 4258 909 4292 nam
944 4242 1016 4307 apud
1053 4242 1237 4292 Plutarchum

70 4309 98 4372 1,
116 4313 147 4369 9,
163 4311 188 4356 2.
208 4307 294 4356 Mores
313 4314 476 4374 naturasque
494 4309 626 4360 bominum
676 4307 772 4373 Symp.
791 4307 835 4367 lV,
858 4312 880 4367 1,
899 4310 924 4356 2.
945 4323 971 4372 p.
991 4312 1050 4358 661.
1069 4309 1101 4359 Β.
1130 4310 1237 4375 legitur

70 4410 95 4425 ..
126 4374 162 4423 de
185 4373 265 4422 totius
291 4376 406 4437 corporis
426 4375 497 4438 silo
526 4383 627 4443 atque
674 4374 777 4439 μᾶλλον
797 4368 913 4439 ὑγιαίνει
928 4372 990 4426 τῶν
1008 4370 1212 4441 ἀνθρώπων.

69 4441 188 4491 babitu
207 4438 342 4488 sciscitari.
730 4442 807 4490 ssibus
824 4477 848 4490 ..
868 4442 938 4505 offae
956 4438 981 4492 ἶ.
1000 4445 1093 4494 uariae
1109 4444 1236 4507 sarciun-

104 4511 131 4556 3.
168 4503 396 4570 caesoria]ct.e.
415 4507 514 4573 μμ.
679 4458 732 4571 nal
752 4505 996 4559 Usitesiusesses:
1034 4525 1084 4558 uae
1105 4511 1167 4573 osjis
1186 4523 1236 4556 ou-

104 4570 234 4635 adeertor]
255 4571 272 4619 i.
292 4586 315 4619 e.
337 4578 447 4633 errator,
473 4575 518 4625 vel
536 4573 627 4638 isqui
677 4572 725 4622 riis
746 4574 915 4637 sarciantur,
945 4580 975 4625 ut
1000 4583 1041 4625 ast
1063 4573 1132 4623 Cato
1150 4573 1183 4623 R.
1203 4572 1237 4622 R.

71 4640 243 4690 dernenstret
270 4651 303 4687 ea
328 4653 399 4700 quito
424 4645 489 4689 sunt
515 4640 628 4690 demors-
677 4642 734 4688 ab:
753 4639 876 4689 Gallinas
888 4647 913 4690 et
925 4656 1030 4690 ensem
1048 4641 1084 4690 sic
1097 4640 1237 4703 sarcita,

71 4705 192 4758 strando.
216 4702 277 4754 l'id·
298 4703 531 4767 not.nd1‚e‚o.
557 4704 628 4758 Ado.
678 4710 707 4755 et
729 4704 803 4756 inira
822 4722 844 4756 c.
865 4704 921 4770 (ab
942 4709 982 4756 14.
1003 4706 1109 4825 lepitur
1121 4708 1239 4769 sertus

73 4773 227 4836 us‚re‚³;
248 4773 347 4832 18,11.
678 4771 743 4822 cido.
778 4770 833 4822 sed
863 4772 899 4822 cl.
925 4772 1050 4825 Martia.
1072 4770 1236 4836 111‚ee,o.
