2812 5242
193 453 555 524 surbuanuoabtt
575 453 652 520 Lta.
677 456 701 519 l.
729 454 820 523 CAP.
847 458 969 526 xxtlt.
991 462 1109 529 xxtv.
1173 466 1238 533 209

58 632 145 700 solus
171 627 273 695 divina
300 633 332 690 et
356 624 484 709 adsequi
514 625 616 690 animo
647 632 679 689 et
706 626 810 711 eloqui
837 637 942 714 posset
971 631 1101 716 ingenio.
1155 636 1270 703 lutera

57 720 135 785 baec
158 712 348 799 Euangelus:
376 710 546 794 Equidem,
570 710 683 795 inquit,
704 711 800 776 miror
821 715 956 797 potuisse
974 725 1129 782 tantorum
1152 728 1239 805 poto-

57 812 173 871 statem
194 798 355 864 numinum
379 794 599 880 conprehendi:
628 816 749 873 verum,
769 798 853 883 quod
872 801 1074 867 Mantuanum
1097 813 1238 871 nostrum

55 890 97 957 ed
118 887 254 972 singula,
284 903 354 948 cum
378 882 417 945 de
438 880 547 945 divinis
569 900 670 946 sermo
690 892 752 958 est,
780 892 889 949 testem
913 885 1026 965 citatis,
1055 889 1289 979 gratiosiusqaoq

57 983 107 1040 est
134 993 227 1059 quam
254 976 291 1034 ut
317 966 431 1032 iudicio
458 966 523 1032 fieri
551 974 685 1051 putetur.
739 971 790 1032 An
819 988 875 1054 ego
900 972 1037 1049 credam,
1072 975 1155 1058 quod
1179 975 1267 1054 illc,3

57 1081 131 1126 eum
160 1057 291 1122 diceret:
324 1054 414 1119 liber
437 1064 465 1117 et
488 1054 568 1118 almo
590 1052 676 1118 Ceres
701 1070 758 1137 pro
781 1053 902 1120 soleae
925 1056 1009 1135 luna,
1038 1079 1101 1122 non
1126 1060 1183 1124 boc
1206 1060 1238 1124 in

57 1144 187 1211 alterius
214 1149 325 1228 poetae
348 1137 548 1203 imitationem
573 1136 692 1222 posuit,
723 1136 765 1202 ita
792 1138 851 1203 dici
880 1142 1022 1220 audieus,
1054 1164 1109 1208 cur
1134 1152 1238 1209 tamen

59 1231 215 1296 diceretur
242 1225 406 1311 ignorans?
463 1222 529 1289 Nisi
556 1220 649 1300 lorte,
684 1228 720 1287 ut
741 1222 848 1289 Gracci
871 1227 973 1292 omnia
993 1247 1048 1292 sua
1070 1228 1101 1293 in
1120 1229 1266 1299 iumen-l

60 1337 130 1381 sum
155 1313 285 1389 tollunt,
317 1330 374 1374 nos
402 1328 528 1394 quoque
551 1306 642 1372 etiam
666 1314 772 1394 poetas
796 1318 918 1375 nostros
941 1312 1081 1378 volumus
1103 1316 1237 1400 pbiloso-

61 1400 163 1487 pbari:
198 1418 269 1463 cum
300 1396 365 1480 ipse
390 1393 523 1471 Tullius,
555 1392 609 1477 qui
631 1414 693 1457 non
723 1393 824 1459 minus
848 1396 1002 1481 protessus
1028 1406 1076 1463 est
1103 1400 1236 1485 pbiloso-

61 1484 174 1573 pbandi
197 1481 333 1548 studium
359 1501 450 1565 quam
476 1477 638 1565 loquendi,
667 1478 810 1563 quotiens
834 1490 888 1546 aut
915 1481 954 1547 de
979 1492 1087 1549 natura
1108 1484 1236 1551 deorum

63 1579 116 1636 aut
142 1572 181 1634 de
210 1567 273 1632 lato
298 1573 353 1630 aut
377 1564 415 1629 de
437 1563 622 1629 divinatione
647 1562 797 1648 disputat,
833 1565 960 1650 gloriam
984 1589 1075 1654 quam
1098 1571 1238 1637 oratione

62 1654 204 1720 oonllavit
230 1650 387 1723 incondita
416 1669 519 1714 rerum
548 1647 695 1713 relatione
727 1650 852 1715 minuat
906 1654 985 1718 Tum
1018 1655 1265 1741 Symmachuszd

62 1743 110 1806 be
132 1739 292 1814 Cicerone,
315 1735 477 1819 Evangelc,
496 1734 549 1819 qui
572 1733 715 1799 conviciis
736 1734 963 1822 inpenetrabilis
989 1748 1044 1819 est,
1067 1749 1137 1826 post
1153 1741 1236 1807 vide·

63 1827 179 1891 bimus:
209 1843 305 1899 nunc,
332 1820 404 1906 quia
426 1841 496 1884 cum
518 1821 649 1885 Marone
669 1820 758 1885 nobis
780 1823 936 1908 negotium
959 1832 1020 1903 est,
1051 1826 1237 1913 respondeas

63 1912 143 1987 volo,
164 1919 269 1975 utrum
293 1915 404 2005 poetae
425 1904 517 1971 buius
538 1925 631 1990 opera
653 1904 845 1973 instituendis
864 1916 983 1974 tantum
1003 1912 1105 1996 pueris
1126 1912 1237 1979 idonea

66 1997 180 2062 iudices
202 2017 241 2060 an
261 1993 320 2059 aba
340 1992 398 2056 illis
419 1991 525 2057 altiora
547 1991 646 2055 inesse
664 1989 806 2056 lateam?
850 1993 972 2059 Videris
993 1996 1073 2060 enim
1096 1997 1170 2060 mibi
1193 1998 1236 2062 ita

65 2081 165 2145 adbuc
184 2079 366 2165 Virgilianos
386 2077 497 2143 babere
517 2097 622 2142 versus
642 2075 774 2161 qualiter
796 2098 849 2142 eos
870 2080 957 2163 pucri
980 2080 1129 2164 magistris
1148 2102 1236 2165 prae·

65 2166 234 2250 legentibus
268 2165 462 2228 canebamus.
511 2163 611 2226 lmmo
638 2160 725 2245 pueri
755 2182 825 2226 cum
856 2183 1008 2243 essemus,
1045 2165 1264 2250 Symmaebqti

64 2253 130 2317 sine
153 2250 266 2315 iudicio
288 2250 486 2325 mirabamur,
521 2246 671 2333 inspicere
697 2254 799 2311 autem
826 2247 898 2312 vitia
920 2269 976 2314 nee
999 2270 1053 2336 per
1074 2251 1235 2335 magistros

64 2358 124 2400 noc
148 2356 204 2419 per
225 2343 351 2399 aetatm
373 2334 496 2399 licebat:
519 2353 599 2418 quae
619 2340 720 2397 tamar
743 2354 804 2396 non
828 2334 978 2418 pudenter
997 2336 1160 2421 quisquam
1182 2359 1235 2403 ne-

66 2420 168 2505 gabit,
205 2439 274 2482 cum
297 2419 360 2504 ipse
381 2418 537 2484 consessus
562 2418 611 2482 sit.
656 2416 720 2497 Qui
748 2417 828 2482 enim
854 2419 986 2485 moriens
1014 2441 1123 2507 poema
1144 2442 1234 2489 suum

65 2505 180 2592 legarit
199 2502 260 2590 igni
280 2503 352 2590 quid
373 2504 431 2569 nisi
454 2504 553 2569 lamae
574 2523 647 2570 suae
669 2502 840 2589 posteritati
863 2504 1070 2571 subtrahendo
1096 2509 1235 2573 curarit?

858 2675 926 2727 Edd.
955 2675 1166 2744 vicnhgspdab]

64 2763 80 2824 S
98 2762 143 2811 tt.
161 2784 192 2798 -
214 2766 244 2812 et
261 2758 326 2811 lassa
345 2759 370 2810 G
387 2758 457 2811 Edd.
475 2786 508 2798 —
525 2768 554 2812 et
572 2776 624 2811 non
641 2758 690 2811 AG
709 2763 746 2824 „2
763 2759 846 2828 Aegl.
862 2787 896 2799 -
915 2760 1047 2827 posuerit
1063 2761 1144 2826 νοω).
1161 2760 1236 2823 „lae-

65 2829 150 2893 gibus
168 2827 283 2895 linguae
303 2827 396 2895 megia
415 2833 458 2878 eet
475 2830 722 2878 consentaneam.“
739 2827 826 2879 Zeun.
912 2829 937 2878 t.
959 2836 1053 2895 poetas
1073 2830 1152 2880 etiosn
1171 2846 1233 2896 με.

64 2924 98 2935 -
122 2912 180 2947 earn
206 2931 231 2946 ..
254 2898 392 2962 professus
416 2904 453 2947 est
476 2895 666 2963 pbilosopllori
687 2895 751 2946 add.
777 2895 806 2947 in
828 2912 884 2962 mg.
911 2894 941 2945 ll.
991 2896 1183 2963 pbilosopltoss'
1211 2896 1234 2948 P

65 2963 128 3024 (AG
145 2980 207 3029 sup.
225 2963 314 3022 andi).
339 2990 372 3001 -
396 2964 486 3014 oratio
504 2964 539 3014 G.
642 2966 667 3014 ts.
695 2964 815 3016 videmus
834 2967 910 3030 (sap.
930 2961 993 3014 add.
1011 2964 1051 3025 di)
1066 2964 1100 3015 (t.
1120 2989 1153 3003 -
1172 2972 1235 3015 tan·

65 3041 190 3084 taarom.
210 3030 290 3080 t’.-
317 3031 546 3095 essetsup.add.
565 3029 655 3090 tms.
757 3035 782 3082 o.
814 3030 982 3098 Symmacho,
1000 3031 1236 3099 s'sran'tlloan·

65 3099 174 3167 gelas,
189 3099 267 3166 c-gb.
286 3098 402 3162 „ltccte
427 3097 496 3148 barn
515 3098 554 3149 ita
571 3113 623 3150 nou
637 3097 719 3150 modo
737 3098 874 3151 orationis
891 3098 1098 3165 perspicuitati,
1108 3099 1156 3151 sed
1170 3117 1238 3151 eon-

67 3165 208 3218 suetudini
227 3182 336 3232 quoque
348 3166 484 3217 lllncrobii
503 3165 825 3218 consulitur.“2eun.-
843 3165 993 3234 quisqueS.
1008 3192 1040 3205 -
1057 3168 1236 3236 negadotsl.

65 3261 99 3272 -
149 3236 159 3284 i
170 3235 255 3285 nisia.
271 3262 294 3271 -
307 3237 403 3298 santae
415 3251 480 3285 suae
497 3235 770 3302 concilias-gtag
787 3235 878 3298 ..oiu)
905 3237 1000 3297 santae
1015 3250 1081 3286 snae
1099 3236 1236 3287 uulnera

65 3301 114 3353 s·b
141 3303 171 3352 P.
212 3301 377 3366 ‚,l²ostrcma
400 3317 451 3351 ror
476 3303 616 3362 (aulana)
637 3317 691 3353 non
712 3301 801 3353 estin
823 3318 877 3352 nno
895 3301 934 3352 An
960 3303 991 3362 l.;
1017 3301 1112 3354 sedin
1135 3304 1236 3363 altero,

66 3385 168 3435 nempe
185 3368 217 3429 tt,
234 3376 277 3420 est
294 3371 459 3421 consulens.“
474 3398 507 3409 —
523 3370 674 3438 posteritati
690 3386 745 3420 oar.
765 3369 791 3420 G
808 3368 851 3433 (in
868 3385 922 3435 qno
937 3318 1048 3436 degitur
1060 3373 1156 3432 samoe
1171 3388 1237 3423 suas

65 3453 103 3489 se
121 3437 302 3500 setrallenda,
328 3454 390 3503 sap.
408 3438 472 3489 odd.
490 3438 674 3491 memoriam
692 3438 844 3505 posteritati
862 3437 1100 3504 sultralsendasn).
1120 3467 1153 3477 —
1175 3440 1237 3490 suls·

100 3608 126 3655 2.
160 3605 320 3672 gratiosius]
339 3605 359 3658 i.
376 3624 401 3657 e.
421 3605 627 3674 magisegrtt·
676 3611 840 3655 crematurus
859 3604 993 3656 Aeneida:
1018 3604 1111 3673 quibus
1129 3606 1237 3675 negatis

68 3673 109 3724 tia
128 3679 229 3723 ortum.
676 3678 872 3724 testamento
898 3673 1041 3725 comburi
1061 3675 1179 3733 iussit,
1206 3679 1237 3725 nt

101 3743 126 3791 ³.
160 3741 280 3801 credent,
309 3740 390 3807 quod]
415 3738 475 3790 l'id.
505 3746 560 3791 not.
590 3738 626 3791 etl
675 3755 730 3789 resn
749 3740 943 3792 inemendatum
960 3741 1131 3808 inperfectam
1151 3747 1237 3802 ne,ot

65 3807 172 3860 Cosam.
192 3808 215 3872 l,
238 3811 278 3871 13,
301 3812 340 3858 18.
677 3806 752 3858 Goll.
776 3805 807 3858 N.
835 3806 867 3857 Α.
896 3806 985 3869 lll'll,
1013 3812 1056 3870 to,
1078 3813 1103 3857 t.
1133 3759 1235 3874 itaqua,

100 3878 126 3928 4.
161 3892 264 3956 quoqne
294 3874 383 3943 etiam]
413 3872 626 3925 Animadvertas
676 3891 734 3925 casn
749 3875 837 3926 morbo
853 3892 991 3944 oppressus
1008 3876 1154 3926 adventare
1165 3891 1235 3925 snor-

64 3943 119 3995 has
154 3943 311 4009 particulas
342 3942 511 3994 coniunctas.
556 3941 625 3993 Nam
676 3949 726 3993 tem
745 3942 858 4003 videret,
876 3943 970 4010 petivit
990 3942 1236 4008 oravitqueasuis

65 4010 227 4062 sufficiebat
249 4010 344 4061 dicere
369 4029 418 4062 nos
439 4027 540 4078 qaoque
563 4027 627 4077 poe·
677 4009 844 4062 amicissimis
864 4011 995 4077 impense,
1023 4018 1057 4060 ut
1076 4008 1237 4070 Aeneida,

65 4087 109 4131 tos
125 4086 238 4132 nostres.
677 4094 774 4144 quarn
794 4080 933 4129 nondam
952 4079 1042 4129 sotis
1062 4077 1235 4128 clintonia·

99 4150 124 4197 5.
163 4147 202 4197 Do
220 4147 380 4197 Cicerone..
396 4154 455 4213 post
472 4143 627 4212 videliacus]
676 4153 735 4208 set,
755 4146 945 4196 adolerent.

65 4213 128 4266 l'id.
147 4215 278 4281 prolege.
300 4232 325 4279 p.
346 4230 409 4265 rur.
711 4214 776 4279 qnid
801 4214 854 4264 niss’
871 4215 967 4275 samoe
984 4227 1048 4262 suae
1072 4247 1096 4262 ..
1120 4208 1236 4275 curavit]

101 4283 140 4334 ita
159 4318 184 4333 ..
202 4282 325 4349 qualiter]
352 4281 413 4332 tit.
441 4280 569 4347 prolegg.
598 4297 627 4347 p.
678 4279 738 4330 ΙΙΙ.
767 4289 824 4331 not.
854 4280 887 4331 ad
916 4297 941 4331 e.
967 4282 1011 4331 21.
1037 4278 1050 4345 fi
1072 4281 1114 4330 2‘l.
1154 4277 1237 4329 llune

65 4365 150 4402 xxxv.
171 4359 228 4400 not.
677 4346 762 4397 buius
798 4347 877 4398 serbi
913 4346 1094 4399 construendi
1130 4362 1236 4398 morem

100 4420 125 4468 6.
159 4435 212 4468 non
235 4416 365 4484 pudenter
384 4415 521 4483 quisquam
541 4430 626 4483 nega·
678 4413 815 4465 Macrobii
845 4413 995 4479 ignorasse
1028 4414 1158 4464 videntur
1188 4412 1238 4479 qai

65 4484 115 4550 dit]
135 4483 152 4535 i.
164 4502 188 4535 e.
206 4484 353 4550 impudens
367 4483 422 4534 erit
438 4482 486 4548 qui
504 4483 628 4550 negabit.
680 4499 730 4549 pro
752 4480 929 4533 subtrahendo
951 4482 1007 4547 (se.
1031 4487 1140 4547 poema)
1165 4480 1238 4531 scri·

101 4553 214 4603 moriens
231 4568 325 4618 poema
342 4570 418 4602 suurn
435 4552 537 4619 legavit
558 4548 628 4620 igns]
680 4557 795 4615 pserunt
816 4548 955 4599 vulnera
981 4547 1103 4611 (laruae)
1129 4548 1237 4597 subtra-

67 4617 109 4669 Cl.
128 4621 266 4671 orinatum
285 4620 312 4669 in
332 4619 527 4686 vital'irgilii‚
546 4635 628 4684 quern
678 4617 771 4669 bondo
797 4632 813 4666 e
839 4615 903 4666 libr.
924 4614 979 4675 ΙΙΙ,
1005 4628 1067 4678 cap.
1093 4616 1132 4661 l0.
1154 4616 1172 4673 S
1199 4616 1237 4665 l.r

68 4685 167 4739 citarit
192 4687 330 4747 hunius,
360 4704 384 4737 c.
409 4690 463 4736 lb:
495 4689 548 4751 Qui
569 4702 629 4737 oum
679 4685 743 4751 quin
768 4685 796 4734 s'n
817 4682 931 4733 medium
957 4681 1068 4748 detegat
1094 4680 1239 4732 inscissa·

67 4757 360 4820 grauarimorbosese
380 4756 501 4818 sentiret,
531 4754 630 4805 serinia
679 4753 749 4804 tiae
773 4752 831 4803 l'is·
861 4747 1162 4801 ilianaooalsssra.
1197 4747 1237 4800 ΙΙΙ

69 4838 147 4889 saepe
177 4831 205 4876 et
238 4839 341 4892 asagora
372 4821 504 4874 instantia
532 4821 629 4888 potisit
677 4834 776 4872 vocem
793 4818 859 4888 qast
874 4813 1091 4885 intelligendam
1109 4820 1155 4869 est
1171 4816 1228 4887 egit

112 4906 150 4969 ll.
1033 4886 1089 4957 U
