2812 5242
133 147 198 214 252
616 143 825 210 lmeuoml

135 315 228 380 ducto
261 314 366 379 babitu
404 312 487 397 Syri,
526 311 578 396 qm
608 313 691 377 velut
723 313 824 397 llagris
852 334 958 379 caesus
987 318 1244 406 praeripientique
1272 346 1306 388 se

135 400 240 465 similis
262 398 463 463 exclamabat:

262 486 359 548 Porro
382 480 535 557 Quirites!
559 481 719 546 libertatern
737 482 902 569 perdimus,

135 578 166 633 et
186 568 276 652 paulo
298 572 367 649 post
387 564 515 628 adiecit:

261 652 381 715 Necesse
402 663 442 713 est
462 651 568 712 nudtos
587 652 685 713 trincat
725 671 790 715 uem
809 652 897 715 rrssdts'
916 655 1024 717 trinent.

105 738 208 815 aeuo
236 735 317 799 dicto
345 734 524 798 universitas
551 734 654 816 populi
684 672 723 797 ad
747 734 844 798 solum
873 739 1032 800 Caesarem
1062 738 1169 802 oculos
1195 749 1228 804 et
1251 762 1305 807 ora

134 821 293 893 conuertit,
313 826 452 882 {rotantes
472 817 670 902 inpotentiam
691 818 757 881 eius
780 818 835 883 bac
853 820 1012 885 dicacitate
1035 821 1208 905 lapidatam.
1255 829 1306 893 Ob

104 904 208 969 tibace
228 905 257 967 in
279 903 421 966 Publium
445 902 533 965 vertit
555 900 697 965 savorem.
746 904 778 965 ls
796 904 939 982 Publius,
961 906 1082 969 natione
1098 910 1208 992 Syrus,
1233 930 1304 975 cum

136 1009 212 1075 puer
240 988 277 1051 ad
305 997 466 1071 patronum
490 986 605 1049 domini
636 994 716 1049 essct
738 986 905 1063 adductus,
939 991 1106 1073 promeruit
1137 1012 1208 1056 euru
1241 1014 1304 1059 non

133 1075 233 1138 miuus
258 1072 370 1135 salibus
395 1080 425 1135 ct
453 1070 573 1151 ingenio
602 1090 693 1153 quam
718 1069 824 1135 iorma.
868 1074 943 1137 Nam
967 1075 1045 1138 sorte
1068 1097 1137 1138 cum
1166 1077 1214 1140 ille
1239 1098 1302 1141 ser-

132 1179 203 1224 rum
230 1177 317 1220 suum
340 1154 539 1240 bpdropicum
562 1154 710 1217 iacentem
738 1155 769 1217 in
791 1177 860 1219 area
883 1157 1005 1223 vidisset
1029 1160 1302 1246 increpuissetque,

133 1242 206 1329 quid
227 1244 260 1305 in
279 1243 338 1305 sole
355 1244 481 1325 fuceret,
508 1239 679 1323 respondit:
711 1242 829 1326 dqrsam
861 1245 999 1326 calefacit.
1043 1245 1171 1308 loculari
1192 1246 1303 1311 deinde

132 1347 224 1410 super
254 1346 347 1390 coena
382 1333 484 1388 exorta
517 1323 711 1407 quaestione,
743 1328 894 1411 quodnam
923 1341 992 1393 esset
1019 1331 1169 1394 molestum
1197 1334 1301 1409 otium,

103 1410 212 1476 'laliud
235 1410 293 1473 alio
316 1408 459 1496 opinante
478 1408 539 1471 ille:
569 1408 733 1492 Podagrici
752 1412 857 1495 pedes,
878 1411 961 1474 dixit.
1004 1414 1054 1478 Ob
1085 1415 1157 1478 baec
1187 1423 1217 1478 et
1241 1417 1300 1479 alia

132 1516 224 1559 manu
242 1495 352 1559 missus
373 1502 404 1557 et
424 1493 539 1557 maiore
564 1512 635 1556 eura
657 1492 804 1569 eruditus,
824 1516 893 1559 cum
917 1496 1026 1561 mimos
1047 1507 1234 1581 conponeret
1253 1500 1298 1563 in-

130 1580 273 1664 gentique
295 1578 425 1643 adscnsu
444 1578 474 1641 in
493 1576 599 1641 ltaliae
618 1576 739 1661 oppidis
755 1600 844 1663 agere
863 1581 1029 1676 coepisset,
1051 1582 1217 1665 productus
1235 1585 1298 1649 Ro-

129 1685 197 1729 mao
218 1686 272 1749 per
289 1662 426 1729 Caesaris
445 1661 549 1737 ludos,
574 1662 753 1745 omnesqui
772 1672 846 1727 tune
868 1673 979 1749 scripta
997 1674 1028 1730 ct
1046 1688 1154 1750 operas
1177 1688 1248 1731 suas
1266 1670 1298 1733 in

128 1770 250 1814 scenam
275 1748 448 1813 locaverant
479 1746 669 1831 provocarit,
702 1754 739 1811 ut
769 1748 878 1831 singuli
905 1770 1008 1813 secum
1037 1752 1136 1835 posita
1167 1752 1297 1817 invicem

128 1834 254 1897 materia
277 1852 332 1917 pro
360 1841 498 1917 tempore
521 1831 749 1896 contenderent.
789 1834 852 1897 Nec
877 1834 939 1897 ullo
965 1844 1123 1900 recusante
1144 1838 1298 1921 superarit

98 1916 251 1994 Somnos,
284 1917 406 2003 inquis
433 1926 464 1981 et
487 1915 660 1982 Laberium.
715 1916 803 1982 Unde
824 1916 935 1984 Caesar
956 1918 1097 1984 adridens
1122 1920 1180 1986 boe
1202 1922 1296 1987 modo

126 2000 348 2087 pronuntiarit:

195 2172 275 2243 [un.
297 2172 447 2226 sanese.

127 2284 160 2297 -
180 2258 359 2325 perdidimus
376 2274 438 2325 v-g.
458 2284 485 2295 -
512 2256 674 2309 Necesse
692 2258 794 2325 timent]
812 2256 855 2308 (ΙΙ.
874 2257 913 2309 lo.
930 2256 1043 2310 Snresb.
1060 2257 1132 2323 l'lll,
1152 2262 1192 2310 13.

124 2328 151 2375 ὁ.
178 2327 234 2377 eius
253 2326 287 2377 im
308 2328 433 2378 atentiam
452 2341 506 2393 η
522 2324 594 2391 (cbg
612 2324 640 2375 in
654 2344 710 2393 mg.
730 2327 791 2389 „dl
803 2328 973 2391 potentiam).
992 2326 1072 2377 -el
1091 2327 1155 2378 baca
1170 2330 1245 2392 (sup.
1264 2330 1293 2385 o)

125 2390 155 2443 S.
175 2419 205 2429 -
227 2343 385 2444 Publilium
404 2392 456 2442 Pl'.
538 2399 540 2403 ’
561 2397 586 2443 o.
616 2393 761 2444 Publilius
777 2393 830 2444 ΡΙ.
847 2420 878 2431 -
898 2394 1012 2445 domum
1030 2393 1083 2461 i-g.
1100 2422 1131 2432 -
1151 2395 1294 2461 quaesis-

125 2460 516 2525 setquaincrcpuissetquev·
555 2461 785 2525 quaesissetque
802 2460 875 2520 „13⁸2
909 2488 932 2497 -
961 2478 1038 2526 super
1056 2478 1167 2512 coenam
1187 2460 1293 2527 Ass-g.

125 2525 329 2576 —maslestum
347 2525 384 2574 ΙΙ.
465 2528 490 2572 ‘l-
521 2524 623 2571 maiori
640 2542 704 2574 cura
722 2525 776 2573 GS.
811 2528 984 2592 meier(snp.
1006 2528 1098 2578 addi
1115 2528 1293 2586 curasti.-

122 2592 279 2659 perductns
296 2588 326 2639 ll.
354 2617 387 2628 -
417 2588 556 2637 locaverat
573 2590 614 2636 vd.
647 2598 811 2640 uocauerant
828 2592 903 2656 (sup.
924 2593 987 2655 iae.)
1006 2594 1039 2643 G.
1062 2620 1093 2631 -
1122 2596 1150 2644 in
1169 2597 1228 2661 quis
1247 2596 1291 2653 (in

125 2658 322 2725 mgquilus)
341 2654 373 2705 Β.
414 2653 504 2719 inquit
522 2652 556 2702 G.
656 2658 682 2705 8.
712 2661 742 2708 et
760 2656 891 2707 arridens
908 2658 938 2707 A.
969 2684 997 2694 -
1030 2660 1077 2709 bec
1096 2662 1292 2713 medoous.l’.

123 2822 203 2872 saepe
228 2806 256 2856 irs
281 2803 392 2856 tumulis
417 2802 475 2853 sine
499 2818 605 2869 corpore
629 2821 683 2855 ne·
766 2804 908 2869 promeruit
926 2805 996 2870 eum]
1014 2806 1032 2855 i.
1047 2822 1070 2855 e.
1091 2807 1151 2856 eius
1167 2808 1290 2873 gratiam

123 2874 212 2923 mina
248 2873 319 2939 legi,
360 2876 388 2922 et
420 2867 495 2934 apud
530 2868 682 2922 Ausonium
732 2868 787 2921 sibi
812 2870 981 2922 conciliarit.
1017 2872 1061 2922 cl.
1087 2872 1160 2923 l'lin.
1184 2874 1290 2941 Pansg.

125 2937 228 3005 [epigr.
243 2942 292 3001 ³5,
313 2938 382 3005 lt).]=
413 2936 486 2989 lllars
508 2938 587 2988 etiam
609 2940 683 2991 saris
731 2940 774 2999 62,
793 2940 827 3001 §5
844 2942 861 2989 4
877 2947 905 2988 et
922 2944 945 2989 t.
968 2940 1044 2989 Nunc
1062 2940 1128 2991 inter
1144 2941 1291 3007 principem

123 3007 367 3073 nominibusque
381 3006 482 3057 uenit-‘⁴
502 3004 587 3057 Persa.
730 3012 902 3072 senatumque
923 3007 1075 3074 dignissimi
1096 3009 1221 3074 cuiusque
1244 3026 1291 3060 ca-

158 3076 182 3124 4.
226 3075 297 3125 eclut
319 3074 423 3141 flagris
454 3089 546 3124 caesus
575 3072 682 3141 praeri-
730 3072 812 3123 ritate
830 3081 953 3124 certetur.
973 3107 998 3123 ..
1019 3075 1144 3141 Quisquis
1164 3076 1291 3142 probatos

121 3142 256 3257 p‘ientique
273 3158 300 3191 se
312 3140 417 3205 similis]
436 3138 479 3190 ΙΙΙ.
490 3140 603 3221 Ulpian.
616 3139 680 3207 utg.
731 3142 837 3190 senatui
861 3142 931 3191 viros
955 3143 1080 3208 suspicit,
1106 3143 1148 3192 bie
1176 3145 1291 3197 maxime

151 3207 336 3271 xt,r,1r,s.
358 3208 682 3274 n'eeumqudemtser-
728 3208 837 3275 princi
866 3225 912 3259 ens
939 3218 1158 3275 premeretur,
1186 3217 1214 3262 et
1236 3212 1290 3262 dr-

122 3290 187 3325 vuns
204 3292 268 3325 csse
286 3275 465 3342 lugitirumt,
483 3276 538 3341 qui,
555 3292 612 3326 eum
632 3275 680 3325 do·
730 3274 793 3324 nob.
811 3224 870 3338 ΙἸΙ,
886 3278 929 3326 ⁴2³.
951 3277 993 3327 lta
1011 3276 1079 3327 nibil
1094 3278 1201 3344 prodest
1215 3295 1289 3344 pro-

120 3343 221 3393 minum
245 3344 467 3394 animaduerteret
487 3342 636 3394 verberibus
653 3358 682 3394 se
729 3344 848 3392 mereri
864 3343 931 3394 velle
944 3359 992 3410 per
1009 3342 1110 3396 bestias
1126 3346 1204 3397 deos
1220 3346 1289 3398 las·

120 3409 235 3475 adficere
260 3411 342 3473 uelle,
371 3410 616 3476 praeripuisset
647 3425 680 3460 se
728 3424 794 3459 aas.

120 3478 157 3527 ad
188 3478 301 3528 amisum
334 3494 410 3544 quem
447 3478 484 3527 ad
516 3478 680 3545 precassdum
763 3477 791 3525 in
807 3474 871 3541 sole]
888 3476 930 3526 Gi.
948 3493 971 3525 e.
987 3481 1012 3527 o.
1029 3478 1084 3540 §⁴-

117 3545 280 3612 perdueeret.
762 3548 788 3593 t.
823 3546 869 3610 qui
884 3546 1059 3611 tunescripta
1074 3552 1100 3597 et
1116 3562 1210 3612 operas
1224 3562 1288 3599 suas

156 3612 238 3664 Perre
270 3610 411 3677 Quiritesl]
439 3609 592 3671 „Forsuula
618 3617 680 3664 erat
729 3607 756 3658 ia
779 3628 882 3661 scoriam
907 3612 1075 3728 locauerunt)2
1097 3612 1161 3663 ll'oli
1187 3619 1287 3678 putare

118 3678 243 3743 antiqua,
263 3695 318 3745 qua
330 3679 364 3729 ad
378 3678 514 3730 auxilium
532 3678 678 3731 lesendam
728 3675 782 3728 lroe
800 3694 862 3727 esse
880 3679 1030 3729 solearum.
1077 3680 1096 3729 Ι.
1113 3679 1203 3729 l’laut.
1218 3678 1286 3730 Tri·

118 3746 236 3797 escisarl
258 3746 389 3797 solebant
411 3746 559 3797 Romani.“
585 3746 677 3799 llssn.
728 3759 802 3794 num.
817 3745 860 3803 ll’,
872 3749 898 3801 2,
913 3750 923 3795 l
939 3763 979 3811 sq.
1003 3748 1071 3797 n'om
1089 3761 1138 3812 ege
1155 3760 1284 3811 operam

120 3811 302 3874 Tursell.ll',
320 3832 346 3878 p.
363 3815 424 3864 saa.
727 3826 825 3862 meam
849 3812 941 3863 'l'ribus
964 3816 1050 3864 naamis
1076 3813 1153 3863 lindie
1177 3814 1285 3865 lncani

152 3878 296 3928 libertatem
318 3878 464 3945 perdimus]
495 3878 677 3930 Perdidimus
727 3879 770 3928 ad
786 3887 872 3930 artes
888 3882 1051 3945 nugatori
1056 3897 1100 3933 as.
1109 3888 1137 3931 et
1151 3880 1219 3931 ibid.
1231 3881 1284 3944 ΙΙΙ,

117 3942 143 3993 si
173 3944 318 4005 scribitur,
355 3946 455 3997 ultimo
480 3946 543 3995 loeo
571 3945 676 3997 senarii
726 3947 757 4008 a,
776 3950 819 3995 52.
853 3946 903 3995 tftt
932 3948 981 3997 erit
1008 3948 1119 3999 locata
1146 3950 1226 4019 uirga
1252 3952 1284 4001 in

118 4013 162 4060 est
173 4018 342 4075 anapaestus
354 4014 402 4078 qui
417 4012 484 4063 ierri
502 4029 555 4063 nnn
574 4018 676 4080 petest,
726 4014 976 4063 matrimonium.

117 4090 282 4143 quamquam
306 4079 362 4129 lsoe
385 4081 475 4146 ipsunt
499 4080 560 4131 eius
582 4097 675 4132 excsn-
758 4096 807 4146 pro
824 4080 948 4146 tempere]
965 4081 1195 4148 Quaeritur,qno
1213 4084 1284 4134 bace

116 4142 194 4208 plum
223 4146 320 4198 attulit
345 4145 471 4199 Orellins
493 4148 528 4200 ad
556 4147 675 4215 Eelngg.
724 4146 810 4197 verba
827 4146 883 4196 sint
904 4148 1074 4197 referenda?
1098 4148 1128 4199 ln
1148 4150 1216 4201 edit.
1233 4150 1283 4200 Bi·

117 4216 203 4275 poett.
219 4212 278 4265 latt.
295 4232 320 4281 p.
339 4217 397 4263 182.
724 4219 800 4278 pont.
818 4212 917 4265 rerba:
938 4216 1026 4280 posita
1044 4216 1154 4267 inuicem
1169 4218 1282 4267 materia

149 4280 176 4327 ll.
211 4282 371 4334 universitas
391 4280 495 4349 pepuli]
523 4278 584 4332 l'id.
609 4296 674 4346 pro·
724 4280 872 4332 commatis
903 4287 967 4332 sunt
996 4281 1121 4343 incluse,
1156 4288 1187 4331 ut
1218 4282 1281 4331 iun-

116 4340 197 4409 legg.
216 4364 242 4410 p·
262 4364 333 4400 xasa.
724 4348 816 4414 ganda
848 4364 911 4399 csse
941 4348 1089 4400 rideantur
1118 4348 1216 4397 rerba:
1249 4354 1280 4397 ut

148 4410 174 4455 6.
210 4414 247 4461 ad
262 4424 404 4481 patronum
421 4410 530 4479 domtus]
551 4412 572 4465 i·
590 4428 614 4466 ο.
637 4411 673 4466 asl
722 4414 827 4483 singuli
844 4432 929 4467 seeum
944 4431 994 4483 pre
1011 4423 1124 4482 tempere
1141 4412 1281 4465 contenda-

115 4468 273 4533 cassasesn.
724 4490 790 4536 rent.
823 4480 872 4534 sse
890 4498 940 4550 pse
958 4489 1073 4550 tempere
1091 4478 1166 4533 idem
1184 4484 1228 4533 est
1245 4496 1280 4534 ae
