<?xml version="1.0" encoding="UTF-8"?>
<!DOCTYPE html PUBLIC "-//W3C//DTD XHTML 1.0 Transitional//EN"
    "http://www.w3.org/TR/xhtml1/DTD/xhtml1-transitional.dtd">
<html xmlns="http://www.w3.org/1999/xhtml" xml:lang="en" lang="en">
 <head>
  <title>
</title>
<meta http-equiv="Content-Type" content="text/html;charset=utf-8" />
  <meta name='ocr-system' content='tesseract 3.04.00' />
  <meta name='ocr-capabilities' content='ocr_page ocr_carea ocr_par ocr_line ocrx_word'/>
</head>
<body>
  <div class='ocr_page' id='page_1' title='image "./operaquaesupers01macrgoog/operaquaesupers01macrgoog_0631.png"; bbox 0 0 2812 5242; ppageno 0'>
   <div class='ocr_carea' id='block_1_1' title="bbox 174 147 862 222">
    <p class='ocr_par' dir='ltr' id='par_1_1' title="bbox 174 147 862 222">
     <span class='ocr_line' id='line_1_1' title="bbox 174 147 862 222; baseline -0.012 0"><span class='ocrx_word' id='word_1_1' title='bbox 174 153 239 222; x_wconf 74' lang='lat' dir='ltr'>aba</span> <span class='ocrx_word' id='word_1_2' title='bbox 651 147 862 217; x_wconf 75' lang='lat' dir='ltr'>Machouu</span> 
     </span>
    </p>
   </div>
   <div class='ocr_carea' id='block_1_2' title="bbox 123 316 1349 2764">
    <p class='ocr_par' dir='ltr' id='par_1_2' title="bbox 123 316 1349 2764">
     <span class='ocr_line' id='line_1_2' title="bbox 175 316 1349 402; baseline -0.003 -16"><span class='ocrx_word' id='word_1_3' title='bbox 175 332 242 388; x_wconf 93' lang='lat' dir='ltr'>tum</span> <span class='ocrx_word' id='word_1_4' title='bbox 261 320 292 382; x_wconf 90' lang='lat' dir='ltr'>in</span> <span class='ocrx_word' id='word_1_5' title='bbox 315 317 426 382; x_wconf 88' lang='lat' dir='ltr'>divinis</span> <span class='ocrx_word' id='word_1_6' title='bbox 448 316 630 401; x_wconf 82' lang='lat' dir='ltr'>corporibus</span> <span class='ocrx_word' id='word_1_7' title='bbox 649 316 816 397; x_wconf 83' lang='lat' dir='ltr'>invenitur,</span> <span class='ocrx_word' id='word_1_8' title='bbox 844 316 1029 402; x_wconf 90' lang='lat' dir='ltr'>sphaeralem</span> <span class='ocrx_word' id='word_1_9' title='bbox 1053 317 1138 395; x_wconf 90' lang='lat' dir='ltr'>dieo,</span> <span class='ocrx_word' id='word_1_10' title='bbox 1161 338 1227 402; x_wconf 90' lang='lat' dir='ltr'>quo</span> <span class='ocrx_word' id='word_1_11' title='bbox 1246 337 1349 383; x_wconf 87' lang='lat' dir='ltr'>move-</span> 
     </span>
     <span class='ocr_line' id='line_1_3' title="bbox 176 401 1349 497; baseline -0.003 -26"><span class='ocrx_word' id='word_1_12' title='bbox 176 416 228 471; x_wconf 92' lang='lat' dir='ltr'>tur</span> <span class='ocrx_word' id='word_1_13' title='bbox 245 402 374 479; x_wconf 87' lang='lat' dir='ltr'>caelum,</span> <span class='ocrx_word' id='word_1_14' title='bbox 395 423 458 486; x_wconf 91' lang='lat' dir='ltr'>quo</span> <span class='ocrx_word' id='word_1_15' title='bbox 482 401 591 477; x_wconf 87' lang='lat' dir='ltr'>sidera,</span> <span class='ocrx_word' id='word_1_16' title='bbox 614 422 677 497; x_wconf 90' lang='lat' dir='ltr'>quo</span> <span class='ocrx_word' id='word_1_17' title='bbox 698 410 798 466; x_wconf 89' lang='lat' dir='ltr'>cetera</span> <span class='ocrx_word' id='word_1_18' title='bbox 822 410 982 467; x_wconf 85' lang='lat' dir='ltr'>moventur</span> <span class='ocrx_word' id='word_1_19' title='bbox 1001 402 1160 467; x_wconf 89' lang='lat' dir='ltr'>elementa.</span> <span class='ocrx_word' id='word_1_20' title='bbox 1205 403 1349 468; x_wconf 77' lang='lat' dir='ltr'>Terrenis</span> 
     </span>
     <span class='ocr_line' id='line_1_4' title="bbox 175 484 1346 573; baseline -0.004 -16"><span class='ocrx_word' id='word_1_21' title='bbox 175 487 357 557; x_wconf 80' lang='lat' dir='ltr'>animalibus</span> <span class='ocrx_word' id='word_1_22' title='bbox 388 486 430 551; x_wconf 92' lang='lat' dir='ltr'>illi</span> <span class='ocrx_word' id='word_1_23' title='bbox 457 507 510 550; x_wconf 84' lang='lat' dir='ltr'>sex</span> <span class='ocrx_word' id='word_1_24' title='bbox 537 505 699 571; x_wconf 81' lang='lat' dir='ltr'>praecipue</span> <span class='ocrx_word' id='word_1_25' title='bbox 724 484 884 552; x_wconf 78' lang='lat' dir='ltr'><strong>familiares</strong></span> <span class='ocrx_word' id='word_1_26' title='bbox 913 495 998 563; x_wconf 92' lang='lat' dir='ltr'>sunt,</span> <span class='ocrx_word' id='word_1_27' title='bbox 1030 487 1082 552; x_wconf 87' lang='lat' dir='ltr'>sed</span> <span class='ocrx_word' id='word_1_28' title='bbox 1114 508 1346 573; x_wconf 79' lang='lat' dir='ltr'><strong>nonnumquam</strong></span> 
     </span>
     <span class='ocr_line' id='line_1_5' title="bbox 174 570 1347 658; baseline -0.002 -19"><span class='ocrx_word' id='word_1_29' title='bbox 174 575 340 640; x_wconf 79' lang='lat' dir='ltr'>adhibetur</span> <span class='ocrx_word' id='word_1_30' title='bbox 360 579 391 635; x_wconf 90' lang='lat' dir='ltr'>et</span> <span class='ocrx_word' id='word_1_31' title='bbox 411 570 568 654; x_wconf 83' lang='lat' dir='ltr'>septimus.</span> <span class='ocrx_word' id='word_1_32' title='bbox 611 570 672 634; x_wconf 88' lang='lat' dir='ltr'>Sed</span> <span class='ocrx_word' id='word_1_33' title='bbox 691 590 743 635; x_wconf 87' lang='lat' dir='ltr'>sex</span> <span class='ocrx_word' id='word_1_34' title='bbox 765 571 806 635; x_wconf 90' lang='lat' dir='ltr'>illi</span> <span class='ocrx_word' id='word_1_35' title='bbox 828 580 864 635; x_wconf 92' lang='lat' dir='ltr'>ut</span> <span class='ocrx_word' id='word_1_36' title='bbox 886 571 992 636; x_wconf 78' lang='lat' dir='ltr'>directi</span> <span class='ocrx_word' id='word_1_37' title='bbox 1012 571 1104 637; x_wconf 89' lang='lat' dir='ltr'>itaet</span> <span class='ocrx_word' id='word_1_38' title='bbox 1125 573 1260 650; x_wconf 83' lang='lat' dir='ltr'>innoxii,</span> <span class='ocrx_word' id='word_1_39' title='bbox 1282 594 1347 658; x_wconf 91' lang='lat' dir='ltr'>sep-</span> 
     </span>
     <span class='ocr_line' id='line_1_6' title="bbox 175 653 1346 739; baseline -0.002 -15"><span class='ocrx_word' id='word_1_40' title='bbox 175 660 284 734; x_wconf 89' lang='lat' dir='ltr'>timus,</span> <span class='ocrx_word' id='word_1_41' title='bbox 309 657 340 720; x_wconf 91' lang='lat' dir='ltr'>id</span> <span class='ocrx_word' id='word_1_42' title='bbox 364 655 482 739; x_wconf 88' lang='lat' dir='ltr'>estqui</span> <span class='ocrx_word' id='word_1_43' title='bbox 504 675 593 739; x_wconf 82' lang='lat' dir='ltr'>gyros</span> <span class='ocrx_word' id='word_1_44' title='bbox 613 653 720 732; x_wconf 85' lang='lat' dir='ltr'>elficit,</span> <span class='ocrx_word' id='word_1_45' title='bbox 743 657 849 720; x_wconf 89' lang='lat' dir='ltr'>erebro</span> <span class='ocrx_word' id='word_1_46' title='bbox 865 677 1012 721; x_wconf 86' lang='lat' dir='ltr'>conversa</span> <span class='ocrx_word' id='word_1_47' title='bbox 1032 657 1137 722; x_wconf 88' lang='lat' dir='ltr'>turbat</span> <span class='ocrx_word' id='word_1_48' title='bbox 1159 664 1191 720; x_wconf 89' lang='lat' dir='ltr'>et</span> <span class='ocrx_word' id='word_1_49' title='bbox 1209 657 1346 723; x_wconf 93' lang='lat' dir='ltr'>humori-</span> 
     </span>
     <span class='ocr_line' id='line_1_7' title="bbox 177 738 1347 827; baseline -0.002 -18"><span class='ocrx_word' id='word_1_50' title='bbox 177 746 236 811; x_wconf 89' lang='lat' dir='ltr'>bus</span> <span class='ocrx_word' id='word_1_51' title='bbox 272 740 379 826; x_wconf 89' lang='lat' dir='ltr'>eapitis</span> <span class='ocrx_word' id='word_1_52' title='bbox 410 740 534 804; x_wconf 82' lang='lat' dir='ltr'>involvit</span> <span class='ocrx_word' id='word_1_53' title='bbox 565 738 783 824; x_wconf 81' lang='lat' dir='ltr'>spiramentum</span> <span class='ocrx_word' id='word_1_54' title='bbox 819 742 901 825; x_wconf 88' lang='lat' dir='ltr'>quod</span> <span class='ocrx_word' id='word_1_55' title='bbox 931 742 1061 805; x_wconf 92' lang='lat' dir='ltr'>animam</span> <span class='ocrx_word' id='word_1_56' title='bbox 1097 742 1225 807; x_wconf 86' lang='lat' dir='ltr'>cerebro</span> <span class='ocrx_word' id='word_1_57' title='bbox 1260 743 1347 827; x_wconf 85' lang='lat' dir='ltr'>quasi</span> 
     </span>
     <span class='ocr_line' id='line_1_8' title="bbox 147 823 1349 911; baseline -0.004 -14"><span class='ocrx_word' id='word_1_58' title='bbox 147 832 286 898; x_wconf 77' lang='lat' dir='ltr'>bomnes</span> <span class='ocrx_word' id='word_1_59' title='bbox 308 846 415 890; x_wconf 89' lang='lat' dir='ltr'>sensus</span> <span class='ocrx_word' id='word_1_60' title='bbox 437 823 573 908; x_wconf 90' lang='lat' dir='ltr'>eorporis</span> <span class='ocrx_word' id='word_1_61' title='bbox 594 825 774 908; x_wconf 78' lang='lat' dir='ltr'>gubernanti</span> <span class='ocrx_word' id='word_1_62' title='bbox 800 827 959 890; x_wconf 84' lang='lat' dir='ltr'>ministrat.</span> <span class='ocrx_word' id='word_1_63' title='bbox 1003 828 1070 890; x_wconf 90' lang='lat' dir='ltr'>Hoc</span> <span class='ocrx_word' id='word_1_64' title='bbox 1092 835 1139 892; x_wconf 90' lang='lat' dir='ltr'>est</span> <span class='ocrx_word' id='word_1_65' title='bbox 1160 835 1264 891; x_wconf 90' lang='lat' dir='ltr'>autem</span> <span class='ocrx_word' id='word_1_66' title='bbox 1288 828 1349 911; x_wconf 91' lang='lat' dir='ltr'>spi·</span> 
     </span>
     <span class='ocr_line' id='line_1_9' title="bbox 123 908 1347 999; baseline 0.001 -24"><span class='ocrx_word' id='word_1_67' title='bbox 123 919 364 999; x_wconf 65' lang='lat' dir='ltr'>[saspramentum</span> <span class='ocrx_word' id='word_1_68' title='bbox 390 909 474 993; x_wconf 89' lang='lat' dir='ltr'>quod</span> <span class='ocrx_word' id='word_1_69' title='bbox 501 908 638 972; x_wconf 87' lang='lat' dir='ltr'>ambiens</span> <span class='ocrx_word' id='word_1_70' title='bbox 668 910 825 974; x_wconf 89' lang='lat' dir='ltr'>cerebrum</span> <span class='ocrx_word' id='word_1_71' title='bbox 855 911 980 994; x_wconf 81' lang='lat' dir='ltr'>singulis</span> <span class='ocrx_word' id='word_1_72' title='bbox 1005 911 1142 975; x_wconf 83' lang='lat' dir='ltr'>sensibus</span> <span class='ocrx_word' id='word_1_73' title='bbox 1170 911 1231 976; x_wconf 82' lang='lat' dir='ltr'>sim</span> <span class='ocrx_word' id='word_1_74' title='bbox 1261 932 1347 976; x_wconf 93' lang='lat' dir='ltr'>suam</span> 
     </span>
     <span class='ocr_line' id='line_1_10' title="bbox 174 992 1347 1084; baseline 0 -23"><span class='ocrx_word' id='word_1_75' title='bbox 174 1002 322 1084; x_wconf 86' lang='lat' dir='ltr'>praestat,</span> <span class='ocrx_word' id='word_1_76' title='bbox 357 994 416 1058; x_wconf 94' lang='lat' dir='ltr'>hoc</span> <span class='ocrx_word' id='word_1_77' title='bbox 443 1001 489 1058; x_wconf 91' lang='lat' dir='ltr'>est</span> <span class='ocrx_word' id='word_1_78' title='bbox 515 992 598 1077; x_wconf 89' lang='lat' dir='ltr'>quod</span> <span class='ocrx_word' id='word_1_79' title='bbox 626 994 725 1058; x_wconf 81' lang='lat' dir='ltr'>nervis</span> <span class='ocrx_word' id='word_1_80' title='bbox 746 1002 778 1060; x_wconf 86' lang='lat' dir='ltr'>et</span> <span class='ocrx_word' id='word_1_81' title='bbox 802 995 947 1060; x_wconf 89' lang='lat' dir='ltr'>musculis</span> <span class='ocrx_word' id='word_1_82' title='bbox 975 995 1112 1081; x_wconf 89' lang='lat' dir='ltr'>eorporis</span> <span class='ocrx_word' id='word_1_83' title='bbox 1134 994 1347 1061; x_wconf 80' lang='lat' dir='ltr'>tortitudinem</span> 
     </span>
     <span class='ocr_line' id='line_1_11' title="bbox 174 1077 1344 1168; baseline 0 -23"><span class='ocrx_word' id='word_1_84' title='bbox 174 1082 309 1168; x_wconf 88' lang='lat' dir='ltr'>praebet.</span> <span class='ocrx_word' id='word_1_85' title='bbox 358 1080 441 1162; x_wconf 79' lang='lat' dir='ltr'>Ergo</span> <span class='ocrx_word' id='word_1_86' title='bbox 467 1077 613 1161; x_wconf 84' lang='lat' dir='ltr'>vertigine</span> <span class='ocrx_word' id='word_1_87' title='bbox 640 1079 794 1144; x_wconf 89' lang='lat' dir='ltr'>turbatum</span> <span class='ocrx_word' id='word_1_88' title='bbox 820 1089 852 1144; x_wconf 91' lang='lat' dir='ltr'>et</span> <span class='ocrx_word' id='word_1_89' title='bbox 883 1080 972 1144; x_wconf 91' lang='lat' dir='ltr'>simul</span> <span class='ocrx_word' id='word_1_90' title='bbox 1005 1080 1125 1164; x_wconf 78' lang='lat' dir='ltr'>agitatis</span> <span class='ocrx_word' id='word_1_91' title='bbox 1160 1079 1344 1146; x_wconf 85' lang='lat' dir='ltr'>humoribus</span> 
     </span>
     <span class='ocr_line' id='line_1_12' title="bbox 174 1163 1344 1264; baseline -0.001 -33"><span class='ocrx_word' id='word_1_92' title='bbox 174 1185 355 1264; x_wconf 88' lang='lat' dir='ltr'>oppressum</span> <span class='ocrx_word' id='word_1_93' title='bbox 384 1163 550 1246; x_wconf 81' lang='lat' dir='ltr'>languescit</span> <span class='ocrx_word' id='word_1_94' title='bbox 575 1169 606 1226; x_wconf 91' lang='lat' dir='ltr'>et</span> <span class='ocrx_word' id='word_1_95' title='bbox 628 1163 830 1228; x_wconf 92' lang='lat' dir='ltr'>ministerium</span> <span class='ocrx_word' id='word_1_96' title='bbox 854 1186 944 1229; x_wconf 92' lang='lat' dir='ltr'>suum</span> <span class='ocrx_word' id='word_1_97' title='bbox 973 1165 1094 1230; x_wconf 88' lang='lat' dir='ltr'>deserit.</span> <span class='ocrx_word' id='word_1_98' title='bbox 1139 1165 1215 1230; x_wconf 89' lang='lat' dir='ltr'>lndo</span> <span class='ocrx_word' id='word_1_99' title='bbox 1238 1166 1272 1229; x_wconf 88' lang='lat' dir='ltr'>fit</span> <span class='ocrx_word' id='word_1_100' title='bbox 1297 1166 1344 1230; x_wconf 93' lang='lat' dir='ltr'>bis</span> 
     </span>
     <span class='ocr_line' id='line_1_13' title="bbox 144 1246 1345 1337; baseline -0.003 -17"><span class='ocrx_word' id='word_1_101' title='bbox 144 1254 227 1337; x_wconf 80' lang='lat' dir='ltr'>liqui</span> <span class='ocrx_word' id='word_1_102' title='bbox 248 1258 407 1334; x_wconf 86' lang='lat' dir='ltr'>raptantur</span> <span class='ocrx_word' id='word_1_103' title='bbox 430 1249 460 1312; x_wconf 93' lang='lat' dir='ltr'>in</span> <span class='ocrx_word' id='word_1_104' title='bbox 479 1268 568 1332; x_wconf 79' lang='lat' dir='ltr'>gyros</span> <span class='ocrx_word' id='word_1_105' title='bbox 591 1247 731 1312; x_wconf 86' lang='lat' dir='ltr'>hebetior</span> <span class='ocrx_word' id='word_1_106' title='bbox 747 1246 881 1326; x_wconf 90' lang='lat' dir='ltr'>auditus,</span> <span class='ocrx_word' id='word_1_107' title='bbox 900 1249 982 1315; x_wconf 82' lang='lat' dir='ltr'>visus</span> <span class='ocrx_word' id='word_1_108' title='bbox 1005 1248 1174 1315; x_wconf 90' lang='lat' dir='ltr'>ohscurior.</span> <span class='ocrx_word' id='word_1_109' title='bbox 1218 1250 1345 1316; x_wconf 86' lang='lat' dir='ltr'>Postre-</span> 
     </span>
     <span class='ocr_line' id='line_1_14' title="bbox 175 1332 1345 1418; baseline 0.001 -17"><span class='ocrx_word' id='word_1_110' title='bbox 175 1358 226 1401; x_wconf 95' lang='lat' dir='ltr'>mo</span> <span class='ocrx_word' id='word_1_111' title='bbox 245 1334 345 1400; x_wconf 82' lang='lat' dir='ltr'>nervis</span> <span class='ocrx_word' id='word_1_112' title='bbox 364 1340 396 1398; x_wconf 90' lang='lat' dir='ltr'>ct</span> <span class='ocrx_word' id='word_1_113' title='bbox 424 1332 571 1396; x_wconf 89' lang='lat' dir='ltr'>musculis</span> <span class='ocrx_word' id='word_1_114' title='bbox 589 1332 702 1396; x_wconf 94' lang='lat' dir='ltr'>nullam</span> <span class='ocrx_word' id='word_1_115' title='bbox 722 1334 760 1398; x_wconf 87' lang='lat' dir='ltr'>ab</span> <span class='ocrx_word' id='word_1_116' title='bbox 778 1353 816 1398; x_wconf 91' lang='lat' dir='ltr'>eo</span> <span class='ocrx_word' id='word_1_117' title='bbox 838 1334 980 1398; x_wconf 83' lang='lat' dir='ltr'>virtutem</span> <span class='ocrx_word' id='word_1_118' title='bbox 1002 1334 1089 1418; x_wconf 91' lang='lat' dir='ltr'>quasi</span> <span class='ocrx_word' id='word_1_119' title='bbox 1112 1334 1272 1399; x_wconf 87' lang='lat' dir='ltr'>deficiente</span> <span class='ocrx_word' id='word_1_120' title='bbox 1294 1357 1345 1402; x_wconf 92' lang='lat' dir='ltr'>su-</span> 
     </span>
     <span class='ocr_line' id='line_1_15' title="bbox 174 1417 1346 1503; baseline -0.001 -18"><span class='ocrx_word' id='word_1_121' title='bbox 174 1420 329 1485; x_wconf 89' lang='lat' dir='ltr'>mentibus</span> <span class='ocrx_word' id='word_1_122' title='bbox 349 1426 449 1483; x_wconf 90' lang='lat' dir='ltr'>totum</span> <span class='ocrx_word' id='word_1_123' title='bbox 474 1437 601 1502; x_wconf 91' lang='lat' dir='ltr'>corpus,</span> <span class='ocrx_word' id='word_1_124' title='bbox 633 1417 716 1502; x_wconf 90' lang='lat' dir='ltr'>quod</span> <span class='ocrx_word' id='word_1_125' title='bbox 738 1418 774 1482; x_wconf 90' lang='lat' dir='ltr'>iis</span> <span class='ocrx_word' id='word_1_126' title='bbox 795 1418 963 1483; x_wconf 90' lang='lat' dir='ltr'>sustinetur</span> <span class='ocrx_word' id='word_1_127' title='bbox 983 1428 1015 1483; x_wconf 87' lang='lat' dir='ltr'>et</span> <span class='ocrx_word' id='word_1_128' title='bbox 1037 1419 1067 1484; x_wconf 93' lang='lat' dir='ltr'>in</span> <span class='ocrx_word' id='word_1_129' title='bbox 1092 1418 1187 1483; x_wconf 92' lang='lat' dir='ltr'>robur</span> <span class='ocrx_word' id='word_1_130' title='bbox 1208 1419 1346 1503; x_wconf 80' lang='lat' dir='ltr'>erigitru,</span> 
     </span>
     <span class='ocr_line' id='line_1_16' title="bbox 145 1501 1346 1571; baseline -0.001 -1"><span class='ocrx_word' id='word_1_131' title='bbox 145 1506 327 1571; x_wconf 88' lang='lat' dir='ltr'>&#39;ldesertum</span> <span class='ocrx_word' id='word_1_132' title='bbox 345 1504 404 1567; x_wconf 91' lang='lat' dir='ltr'>iam</span> <span class='ocrx_word' id='word_1_133' title='bbox 427 1501 609 1566; x_wconf 79' lang='lat' dir='ltr'>fulcimentis</span> <span class='ocrx_word' id='word_1_134' title='bbox 628 1503 691 1566; x_wconf 92' lang='lat' dir='ltr'>suis</span> <span class='ocrx_word' id='word_1_135' title='bbox 710 1501 822 1567; x_wconf 79' lang='lat' dir='ltr'>labitur</span> <span class='ocrx_word' id='word_1_136' title='bbox 841 1504 872 1566; x_wconf 92' lang='lat' dir='ltr'>in</span> <span class='ocrx_word' id='word_1_137' title='bbox 898 1504 1027 1567; x_wconf 92' lang='lat' dir='ltr'>ruinam.</span> <span class='ocrx_word' id='word_1_138' title='bbox 1062 1503 1122 1568; x_wconf 86' lang='lat' dir='ltr'>Sed</span> <span class='ocrx_word' id='word_1_139' title='bbox 1139 1511 1247 1568; x_wconf 90' lang='lat' dir='ltr'>eontra</span> <span class='ocrx_word' id='word_1_140' title='bbox 1270 1504 1346 1569; x_wconf 85' lang='lat' dir='ltr'>haec</span> 
     </span>
     <span class='ocr_line' id='line_1_17' title="bbox 173 1587 1345 1672; baseline 0 -18"><span class='ocrx_word' id='word_1_141' title='bbox 173 1590 276 1654; x_wconf 93' lang='lat' dir='ltr'>omnia</span> <span class='ocrx_word' id='word_1_142' title='bbox 303 1587 509 1663; x_wconf 91' lang='lat' dir='ltr'>consuetudo,</span> <span class='ocrx_word' id='word_1_143' title='bbox 545 1607 637 1670; x_wconf 88' lang='lat' dir='ltr'>quam</span> <span class='ocrx_word' id='word_1_144' title='bbox 667 1587 830 1652; x_wconf 89' lang='lat' dir='ltr'>secundam</span> <span class='ocrx_word' id='word_1_145' title='bbox 857 1596 996 1653; x_wconf 86' lang='lat' dir='ltr'>naturam</span> <span class='ocrx_word' id='word_1_146' title='bbox 1027 1588 1234 1672; x_wconf 87' lang='lat' dir='ltr'>pronuntiavit</span> <span class='ocrx_word' id='word_1_147' title='bbox 1258 1609 1345 1666; x_wconf 89' lang='lat' dir='ltr'>usus,</span> 
     </span>
     <span class='ocr_line' id='line_1_18' title="bbox 174 1671 1345 1759; baseline -0.002 -19"><span class='ocrx_word' id='word_1_148' title='bbox 174 1675 240 1740; x_wconf 91' lang='lat' dir='ltr'>illos</span> <span class='ocrx_word' id='word_1_149' title='bbox 263 1676 346 1739; x_wconf 85' lang='lat' dir='ltr'>iuvat</span> <span class='ocrx_word' id='word_1_150' title='bbox 367 1672 420 1756; x_wconf 90' lang='lat' dir='ltr'>qui</span> <span class='ocrx_word' id='word_1_151' title='bbox 448 1672 479 1735; x_wconf 92' lang='lat' dir='ltr'>in</span> <span class='ocrx_word' id='word_1_152' title='bbox 505 1671 557 1735; x_wconf 91' lang='lat' dir='ltr'>tali</span> <span class='ocrx_word' id='word_1_153' title='bbox 580 1678 666 1736; x_wconf 93' lang='lat' dir='ltr'>motu</span> <span class='ocrx_word' id='word_1_154' title='bbox 692 1691 782 1757; x_wconf 90' lang='lat' dir='ltr'>saepe</span> <span class='ocrx_word' id='word_1_155' title='bbox 802 1679 969 1737; x_wconf 84' lang='lat' dir='ltr'>versantur.</span> <span class='ocrx_word' id='word_1_156' title='bbox 1015 1674 1240 1759; x_wconf 79' lang='lat' dir='ltr'>spiramentum</span> <span class='ocrx_word' id='word_1_157' title='bbox 1261 1675 1345 1738; x_wconf 91' lang='lat' dir='ltr'>enim</span> 
     </span>
     <span class='ocr_line' id='line_1_19' title="bbox 175 1755 1345 1844; baseline 0 -21"><span class='ocrx_word' id='word_1_158' title='bbox 175 1759 302 1836; x_wconf 84' lang='lat' dir='ltr'>cerebri,</span> <span class='ocrx_word' id='word_1_159' title='bbox 324 1756 408 1844; x_wconf 88' lang='lat' dir='ltr'>quod</span> <span class='ocrx_word' id='word_1_160' title='bbox 431 1756 522 1842; x_wconf 94' lang='lat' dir='ltr'>paulo</span> <span class='ocrx_word' id='word_1_161' title='bbox 545 1765 616 1820; x_wconf 89' lang='lat' dir='ltr'>ante</span> <span class='ocrx_word' id='word_1_162' title='bbox 637 1755 782 1835; x_wconf 80' lang='lat' dir='ltr'>diximus,</span> <span class='ocrx_word' id='word_1_163' title='bbox 802 1756 964 1822; x_wconf 88' lang='lat' dir='ltr'>adsuetum</span> <span class='ocrx_word' id='word_1_164' title='bbox 985 1759 1028 1822; x_wconf 88' lang='lat' dir='ltr'>rei</span> <span class='ocrx_word' id='word_1_165' title='bbox 1049 1758 1108 1822; x_wconf 92' lang='lat' dir='ltr'>iam</span> <span class='ocrx_word' id='word_1_166' title='bbox 1130 1758 1268 1823; x_wconf 91' lang='lat' dir='ltr'>nonsibi</span> <span class='ocrx_word' id='word_1_167' title='bbox 1289 1780 1345 1823; x_wconf 90' lang='lat' dir='ltr'>no·</span> 
     </span>
     <span class='ocr_line' id='line_1_20' title="bbox 173 1841 1345 1927; baseline 0 -18"><span class='ocrx_word' id='word_1_168' title='bbox 173 1866 228 1909; x_wconf 83' lang='lat' dir='ltr'>vae</span> <span class='ocrx_word' id='word_1_169' title='bbox 255 1865 316 1907; x_wconf 91' lang='lat' dir='ltr'>non</span> <span class='ocrx_word' id='word_1_170' title='bbox 340 1842 474 1927; x_wconf 88' lang='lat' dir='ltr'>pavescit</span> <span class='ocrx_word' id='word_1_171' title='bbox 498 1841 580 1905; x_wconf 92' lang='lat' dir='ltr'>hunc</span> <span class='ocrx_word' id='word_1_172' title='bbox 609 1848 726 1906; x_wconf 93' lang='lat' dir='ltr'>motum</span> <span class='ocrx_word' id='word_1_173' title='bbox 755 1862 812 1906; x_wconf 90' lang='lat' dir='ltr'>nee</span> <span class='ocrx_word' id='word_1_174' title='bbox 835 1842 1000 1909; x_wconf 84' lang='lat' dir='ltr'>ministeria</span> <span class='ocrx_word' id='word_1_175' title='bbox 1024 1864 1080 1907; x_wconf 93' lang='lat' dir='ltr'>sua</span> <span class='ocrx_word' id='word_1_176' title='bbox 1103 1843 1224 1907; x_wconf 90' lang='lat' dir='ltr'>deserit.</span> <span class='ocrx_word' id='word_1_177' title='bbox 1268 1844 1345 1909; x_wconf 87' lang='lat' dir='ltr'>Ideo</span> 
     </span>
     <span class='ocr_line' id='line_1_21' title="bbox 143 1925 1343 2013; baseline -0.001 -19"><span class='ocrx_word' id='word_1_178' title='bbox 143 1927 327 1995; x_wconf 73' lang='lat' dir='ltr'>Beonsuotis</span> <span class='ocrx_word' id='word_1_179' title='bbox 349 1928 439 1990; x_wconf 90' lang='lat' dir='ltr'>etiam</span> <span class='ocrx_word' id='word_1_180' title='bbox 464 1925 520 1989; x_wconf 92' lang='lat' dir='ltr'>iste</span> <span class='ocrx_word' id='word_1_181' title='bbox 541 1926 672 2010; x_wconf 80' lang='lat' dir='ltr'>agitatus</span> <span class='ocrx_word' id='word_1_182' title='bbox 695 1927 836 1992; x_wconf 81' lang='lat' dir='ltr'>innoxius</span> <span class='ocrx_word' id='word_1_183' title='bbox 860 1936 915 1992; x_wconf 90' lang='lat' dir='ltr'>est.</span> <span class='ocrx_word' id='word_1_184' title='bbox 949 1930 1003 2008; x_wconf 88' lang='lat' dir='ltr'>[Et</span> <span class='ocrx_word' id='word_1_185' title='bbox 1016 1928 1216 2013; x_wconf 78' lang='lat' dir='ltr'>Euangelusz]</span> <span class='ocrx_word' id='word_1_186' title='bbox 1233 1928 1343 1993; x_wconf 91' lang='lat' dir='ltr'>lnreti·</span> 
     </span>
     <span class='ocr_line' id='line_1_22' title="bbox 172 2008 1343 2098; baseline 0.003 -22"><span class='ocrx_word' id='word_1_187' title='bbox 172 2020 236 2076; x_wconf 91' lang='lat' dir='ltr'>tum</span> <span class='ocrx_word' id='word_1_188' title='bbox 255 2020 286 2074; x_wconf 91' lang='lat' dir='ltr'>te</span> <span class='ocrx_word' id='word_1_189' title='bbox 307 2010 377 2087; x_wconf 94' lang='lat' dir='ltr'>iam,</span> <span class='ocrx_word' id='word_1_190' title='bbox 397 2008 513 2087; x_wconf 88' lang='lat' dir='ltr'>Disari‚</span> <span class='ocrx_word' id='word_1_191' title='bbox 535 2018 638 2089; x_wconf 87' lang='lat' dir='ltr'>teneo,</span> <span class='ocrx_word' id='word_1_192' title='bbox 658 2019 689 2076; x_wconf 90' lang='lat' dir='ltr'>et</span> <span class='ocrx_word' id='word_1_193' title='bbox 706 2012 731 2077; x_wconf 89' lang='lat' dir='ltr'>si</span> <span class='ocrx_word' id='word_1_194' title='bbox 748 2033 819 2079; x_wconf 79' lang='lat' dir='ltr'>sere</span> <span class='ocrx_word' id='word_1_195' title='bbox 836 2013 960 2098; x_wconf 92' lang='lat' dir='ltr'>opinor,</span> <span class='ocrx_word' id='word_1_196' title='bbox 979 2033 1130 2098; x_wconf 89' lang='lat' dir='ltr'>nusquam</span> <span class='ocrx_word' id='word_1_197' title='bbox 1154 2012 1245 2077; x_wconf 90' lang='lat' dir='ltr'>hodie</span> <span class='ocrx_word' id='word_1_198' title='bbox 1265 2015 1343 2080; x_wconf 81' lang='lat' dir='ltr'>elfu-</span> 
     </span>
     <span class='ocr_line' id='line_1_23' title="bbox 170 2096 1344 2247; baseline 0.003 -87"><span class='ocrx_word' id='word_1_199' title='bbox 170 2097 242 2247; x_wconf 58' lang='lat' dir='ltr'>5ies.</span> <span class='ocrx_word' id='word_1_200' title='bbox 286 2096 329 2160; x_wconf 87' lang='lat' dir='ltr'>Et</span> <span class='ocrx_word' id='word_1_201' title='bbox 352 2097 428 2161; x_wconf 90' lang='lat' dir='ltr'>alios</span> <span class='ocrx_word' id='word_1_202' title='bbox 453 2096 534 2161; x_wconf 91' lang='lat' dir='ltr'>enim</span> <span class='ocrx_word' id='word_1_203' title='bbox 560 2097 590 2161; x_wconf 92' lang='lat' dir='ltr'>in</span> <span class='ocrx_word' id='word_1_204' title='bbox 618 2107 683 2162; x_wconf 92' lang='lat' dir='ltr'>arte</span> <span class='ocrx_word' id='word_1_205' title='bbox 703 2096 758 2162; x_wconf 89' lang='lat' dir='ltr'>tibi</span> <span class='ocrx_word' id='word_1_206' title='bbox 785 2097 886 2163; x_wconf 91' lang='lat' dir='ltr'>socios</span> <span class='ocrx_word' id='word_1_207' title='bbox 906 2107 938 2164; x_wconf 91' lang='lat' dir='ltr'>et</span> <span class='ocrx_word' id='word_1_208' title='bbox 959 2099 1056 2183; x_wconf 91' lang='lat' dir='ltr'>ipsum</span> <span class='ocrx_word' id='word_1_209' title='bbox 1079 2107 1110 2162; x_wconf 91' lang='lat' dir='ltr'>te</span> <span class='ocrx_word' id='word_1_210' title='bbox 1131 2097 1233 2162; x_wconf 81' lang='lat' dir='ltr'>audivi</span> <span class='ocrx_word' id='word_1_211' title='bbox 1251 2119 1344 2184; x_wconf 91' lang='lat' dir='ltr'>saepe</span> 
     </span>
     <span class='ocr_line' id='line_1_24' title="bbox 193 2183 1344 2260; baseline 0.002 -13"><span class='ocrx_word' id='word_1_212' title='bbox 193 2183 321 2247; x_wconf 89' lang='lat' dir='ltr'>icentem</span> <span class='ocrx_word' id='word_1_213' title='bbox 343 2183 470 2248; x_wconf 90' lang='lat' dir='ltr'>cerebro</span> <span class='ocrx_word' id='word_1_214' title='bbox 495 2203 556 2245; x_wconf 93' lang='lat' dir='ltr'>non</span> <span class='ocrx_word' id='word_1_215' title='bbox 578 2183 675 2246; x_wconf 90' lang='lat' dir='ltr'>inesse</span> <span class='ocrx_word' id='word_1_216' title='bbox 697 2203 832 2260; x_wconf 89' lang='lat' dir='ltr'>sensum,</span> <span class='ocrx_word' id='word_1_217' title='bbox 867 2184 918 2247; x_wconf 91' lang='lat' dir='ltr'>sed</span> <span class='ocrx_word' id='word_1_218' title='bbox 941 2194 975 2248; x_wconf 90' lang='lat' dir='ltr'>ut</span> <span class='ocrx_word' id='word_1_219' title='bbox 996 2204 1079 2260; x_wconf 90' lang='lat' dir='ltr'>ossa,</span> <span class='ocrx_word' id='word_1_220' title='bbox 1104 2190 1140 2247; x_wconf 93' lang='lat' dir='ltr'>ut</span> <span class='ocrx_word' id='word_1_221' title='bbox 1161 2183 1279 2260; x_wconf 88' lang='lat' dir='ltr'>dentes,</span> <span class='ocrx_word' id='word_1_222' title='bbox 1308 2192 1344 2249; x_wconf 92' lang='lat' dir='ltr'>ut</span> 
     </span>
     <span class='ocr_line' id='line_1_25' title="bbox 170 2266 1343 2353; baseline 0.002 -21"><span class='ocrx_word' id='word_1_223' title='bbox 170 2269 309 2353; x_wconf 89' lang='lat' dir='ltr'>capillos,</span> <span class='ocrx_word' id='word_1_224' title='bbox 334 2268 377 2332; x_wconf 92' lang='lat' dir='ltr'>ita</span> <span class='ocrx_word' id='word_1_225' title='bbox 398 2277 429 2332; x_wconf 92' lang='lat' dir='ltr'>et</span> <span class='ocrx_word' id='word_1_226' title='bbox 448 2267 607 2331; x_wconf 89' lang='lat' dir='ltr'>cerebrum</span> <span class='ocrx_word' id='word_1_227' title='bbox 630 2287 696 2329; x_wconf 89' lang='lat' dir='ltr'>esse</span> <span class='ocrx_word' id='word_1_228' title='bbox 719 2267 785 2331; x_wconf 90' lang='lat' dir='ltr'>sine</span> <span class='ocrx_word' id='word_1_229' title='bbox 805 2289 905 2332; x_wconf 81' lang='lat' dir='ltr'>sensu.</span> <span class='ocrx_word' id='word_1_230' title='bbox 950 2270 1105 2333; x_wconf 87' lang='lat' dir='ltr'>Verumnc</span> <span class='ocrx_word' id='word_1_231' title='bbox 1126 2276 1172 2333; x_wconf 90' lang='lat' dir='ltr'>est</span> <span class='ocrx_word' id='word_1_232' title='bbox 1192 2266 1266 2331; x_wconf 91' lang='lat' dir='ltr'>baec</span> <span class='ocrx_word' id='word_1_233' title='bbox 1288 2289 1343 2333; x_wconf 89' lang='lat' dir='ltr'>vos</span> 
     </span>
     <span class='ocr_line' id='line_1_26' title="bbox 140 2347 1341 2430; baseline -0.003 -9"><span class='ocrx_word' id='word_1_234' title='bbox 140 2352 271 2421; x_wconf 83' lang='lat' dir='ltr'>9dieere</span> <span class='ocrx_word' id='word_1_235' title='bbox 290 2352 409 2429; x_wconf 91' lang='lat' dir='ltr'>solitos,</span> <span class='ocrx_word' id='word_1_236' title='bbox 432 2373 470 2415; x_wconf 94' lang='lat' dir='ltr'>an</span> <span class='ocrx_word' id='word_1_237' title='bbox 490 2357 525 2414; x_wconf 93' lang='lat' dir='ltr'>ut</span> <span class='ocrx_word' id='word_1_238' title='bbox 547 2347 654 2414; x_wconf 86' lang='lat' dir='ltr'>salsum</span> <span class='ocrx_word' id='word_1_239' title='bbox 676 2348 814 2416; x_wconf 80' lang='lat' dir='ltr'>refelles?</span> <span class='ocrx_word' id='word_1_240' title='bbox 857 2354 986 2430; x_wconf 86' lang='lat' dir='ltr'>Verum,</span> <span class='ocrx_word' id='word_1_241' title='bbox 1012 2354 1055 2417; x_wconf 91' lang='lat' dir='ltr'>ait</span> <span class='ocrx_word' id='word_1_242' title='bbox 1076 2352 1133 2416; x_wconf 90' lang='lat' dir='ltr'>ille.</span> <span class='ocrx_word' id='word_1_243' title='bbox 1175 2353 1256 2416; x_wconf 89' lang='lat' dir='ltr'>Ecce</span> <span class='ocrx_word' id='word_1_244' title='bbox 1279 2351 1341 2417; x_wconf 90' lang='lat' dir='ltr'>iam</span> 
     </span>
     <span class='ocr_line' id='line_1_27' title="bbox 168 2433 1343 2522; baseline -0.002 -19"><span class='ocrx_word' id='word_1_245' title='bbox 168 2438 291 2504; x_wconf 88' lang='lat' dir='ltr'>clausus</span> <span class='ocrx_word' id='word_1_246' title='bbox 318 2457 360 2500; x_wconf 90' lang='lat' dir='ltr'>es.</span> <span class='ocrx_word' id='word_1_247' title='bbox 410 2436 451 2500; x_wconf 90' lang='lat' dir='ltr'>Ut</span> <span class='ocrx_word' id='word_1_248' title='bbox 475 2433 555 2496; x_wconf 92' lang='lat' dir='ltr'>enim</span> <span class='ocrx_word' id='word_1_249' title='bbox 582 2434 748 2498; x_wconf 88' lang='lat' dir='ltr'>concedam</span> <span class='ocrx_word' id='word_1_250' title='bbox 776 2435 830 2499; x_wconf 88' lang='lat' dir='ltr'>tibi</span> <span class='ocrx_word' id='word_1_251' title='bbox 880 2446 978 2503; x_wconf 91' lang='lat' dir='ltr'>raeter</span> <span class='ocrx_word' id='word_1_252' title='bbox 1003 2438 1126 2522; x_wconf 91' lang='lat' dir='ltr'>capillos</span> <span class='ocrx_word' id='word_1_253' title='bbox 1150 2436 1181 2500; x_wconf 91' lang='lat' dir='ltr'>in</span> <span class='ocrx_word' id='word_1_254' title='bbox 1216 2436 1343 2502; x_wconf 89' lang='lat' dir='ltr'>homine</span> 
     </span>
     <span class='ocr_line' id='line_1_28' title="bbox 170 2459 1340 2610; baseline -0.001 -23"><span class='ocrx_word' id='word_1_255' title='bbox 170 2522 285 2606; x_wconf 90' lang='lat' dir='ltr'>aliquid</span> <span class='ocrx_word' id='word_1_256' title='bbox 304 2538 369 2582; x_wconf 88' lang='lat' dir='ltr'>esse</span> <span class='ocrx_word' id='word_1_257' title='bbox 391 2519 457 2580; x_wconf 88' lang='lat' dir='ltr'>sine</span> <span class='ocrx_word' id='word_1_258' title='bbox 477 2533 581 2588; x_wconf 88' lang='lat' dir='ltr'>sensu,</span> <span class='ocrx_word' id='word_1_259' title='bbox 605 2516 689 2610; x_wconf 82' lang='lat' dir='ltr'>quod</span> <span class='ocrx_word' id='word_1_260' title='bbox 712 2538 774 2581; x_wconf 93' lang='lat' dir='ltr'>non</span> <span class='ocrx_word' id='word_1_261' title='bbox 794 2459 882 2582; x_wconf 76' lang='lat' dir='ltr'>saedh</span> <span class='ocrx_word' id='word_1_262' title='bbox 903 2543 1052 2604; x_wconf 89' lang='lat' dir='ltr'>persuasu</span> <span class='ocrx_word' id='word_1_263' title='bbox 1074 2531 1133 2598; x_wconf 88' lang='lat' dir='ltr'>est,</span> <span class='ocrx_word' id='word_1_264' title='bbox 1162 2531 1263 2585; x_wconf 71' lang='lat' dir='ltr'>tannen</span> <span class='ocrx_word' id='word_1_265' title='bbox 1283 2543 1340 2587; x_wconf 92' lang='lat' dir='ltr'>cur</span> 
     </span>
     <span class='ocr_line' id='line_1_29' title="bbox 167 2596 1339 2693; baseline 0.002 -25"><span class='ocrx_word' id='word_1_266' title='bbox 167 2624 275 2668; x_wconf 91' lang='lat' dir='ltr'>sensus</span> <span class='ocrx_word' id='word_1_267' title='bbox 295 2619 401 2663; x_wconf 88' lang='lat' dir='ltr'>omnes</span> <span class='ocrx_word' id='word_1_268' title='bbox 422 2597 513 2681; x_wconf 92' lang='lat' dir='ltr'>paulo</span> <span class='ocrx_word' id='word_1_269' title='bbox 537 2603 607 2657; x_wconf 91' lang='lat' dir='ltr'>ante</span> <span class='ocrx_word' id='word_1_270' title='bbox 625 2596 730 2693; x_wconf 81' lang='lat' dir='ltr'>dixisti</span> <span class='ocrx_word' id='word_1_271' title='bbox 750 2618 768 2662; x_wconf 94' lang='lat' dir='ltr'>a</span> <span class='ocrx_word' id='word_1_272' title='bbox 792 2602 918 2667; x_wconf 88' lang='lat' dir='ltr'>cerebro</span> <span class='ocrx_word' id='word_1_273' title='bbox 945 2605 1123 2682; x_wconf 87' lang='lat' dir='ltr'>ministrari,</span> <span class='ocrx_word' id='word_1_274' title='bbox 1157 2627 1226 2669; x_wconf 94' lang='lat' dir='ltr'>cum</span> <span class='ocrx_word' id='word_1_275' title='bbox 1255 2627 1339 2671; x_wconf 89' lang='lat' dir='ltr'>cere-</span> 
     </span>
     <span class='ocr_line' id='line_1_30' title="bbox 168 2680 1340 2764; baseline 0.003 -12"><span class='ocrx_word' id='word_1_276' title='bbox 168 2688 224 2752; x_wconf 92' lang='lat' dir='ltr'>bro</span> <span class='ocrx_word' id='word_1_277' title='bbox 257 2705 319 2751; x_wconf 91' lang='lat' dir='ltr'>non</span> <span class='ocrx_word' id='word_1_278' title='bbox 348 2681 447 2746; x_wconf 87' lang='lat' dir='ltr'>inesse</span> <span class='ocrx_word' id='word_1_279' title='bbox 472 2697 595 2743; x_wconf 88' lang='lat' dir='ltr'>sensum</span> <span class='ocrx_word' id='word_1_280' title='bbox 623 2700 688 2764; x_wconf 84' lang='lat' dir='ltr'>ipsc</span> <span class='ocrx_word' id='word_1_281' title='bbox 719 2680 861 2748; x_wconf 80' lang='lat' dir='ltr'>fatearis?</span> <span class='ocrx_word' id='word_1_282' title='bbox 904 2688 1051 2751; x_wconf 90' lang='lat' dir='ltr'>Potestne</span> <span class='ocrx_word' id='word_1_283' title='bbox 1076 2709 1221 2753; x_wconf 83' lang='lat' dir='ltr'>excusare</span> <span class='ocrx_word' id='word_1_284' title='bbox 1247 2690 1340 2756; x_wconf 87' lang='lat' dir='ltr'>huius</span> 
     </span>
    </p>
   </div>
   <div class='ocr_carea' id='block_1_3' title="bbox 232 2875 437 2948">
    <p class='ocr_par' dir='ltr' id='par_1_3' title="bbox 232 2875 437 2948">
     <span class='ocr_line' id='line_1_31' title="bbox 232 2875 437 2948; baseline -0.02 -17"><span class='ocrx_word' id='word_1_285' title='bbox 232 2875 437 2948; x_wconf 68' lang='lat' dir='ltr'>mmmm.</span> 
     </span>
    </p>
   </div>
   <div class='ocr_carea' id='block_1_4' title="bbox 161 2957 1337 3572">
    <p class='ocr_par' dir='ltr' id='par_1_4' title="bbox 163 2957 1337 3232">
     <span class='ocr_line' id='line_1_32' title="bbox 163 2957 1337 3029; baseline -0.001 -14"><span class='ocrx_word' id='word_1_286' title='bbox 163 2963 243 3016; x_wconf 84' lang='lat' dir='ltr'>lieres</span> <span class='ocrx_word' id='word_1_287' title='bbox 261 2963 290 3016; x_wconf 89' lang='lat' dir='ltr'>S.</span> <span class='ocrx_word' id='word_1_288' title='bbox 307 2989 338 2999; x_wconf 96' lang='lat'><em>-</em></span> <span class='ocrx_word' id='word_1_289' title='bbox 360 2961 406 3012; x_wconf 82' lang='lat' dir='ltr'>sed</span> <span class='ocrx_word' id='word_1_290' title='bbox 423 2975 577 3027; x_wconf 79' lang='lat' dir='ltr'>nunquam</span> <span class='ocrx_word' id='word_1_291' title='bbox 598 2957 629 3010; x_wconf 76' lang='grc' dir='ltr'>Α.</span> <span class='ocrx_word' id='word_1_292' title='bbox 647 2985 679 2999; x_wconf 92' lang='lat'><em>-</em></span> <span class='ocrx_word' id='word_1_293' title='bbox 697 2960 772 3013; x_wconf 70' lang='lat' dir='ltr'>iden</span> <span class='ocrx_word' id='word_1_294' title='bbox 788 2962 834 3029; x_wconf 80' lang='lat' dir='ltr'>qui</span> <span class='ocrx_word' id='word_1_295' title='bbox 848 2978 873 3014; x_wconf 83' lang='lat' dir='ltr'>v.</span> <span class='ocrx_word' id='word_1_296' title='bbox 896 2989 920 2998; x_wconf 97' lang='lat'>-</span> <span class='ocrx_word' id='word_1_297' title='bbox 945 2960 1056 3026; x_wconf 66' lang='lat' dir='ltr'>efficiet</span> <span class='ocrx_word' id='word_1_298' title='bbox 1072 2959 1109 3010; x_wconf 84' lang='grc' dir='ltr'>Η.</span> <span class='ocrx_word' id='word_1_299' title='bbox 1130 2987 1154 2998; x_wconf 87' lang='grc'>-</span> <span class='ocrx_word' id='word_1_300' title='bbox 1176 2977 1337 3014; x_wconf 83' lang='lat' dir='ltr'>conuersum</span> 
     </span>
     <span class='ocr_line' id='line_1_33' title="bbox 163 3026 1336 3095; baseline -0.001 -13"><span class='ocrx_word' id='word_1_301' title='bbox 163 3047 189 3082; x_wconf 79' lang='lat' dir='ltr'>v.</span> <span class='ocrx_word' id='word_1_302' title='bbox 216 3058 249 3069; x_wconf 93' lang='lat'>—</span> <span class='ocrx_word' id='word_1_303' title='bbox 275 3029 426 3081; x_wconf 80' lang='lat' dir='ltr'>humoribus</span> <span class='ocrx_word' id='word_1_304' title='bbox 444 3029 539 3095; x_wconf 80' lang='lat' dir='ltr'>eapitis</span> <span class='ocrx_word' id='word_1_305' title='bbox 556 3027 666 3079; x_wconf 74' lang='lat' dir='ltr'>inuoluit</span> <span class='ocrx_word' id='word_1_306' title='bbox 683 3029 872 3095; x_wconf 78' lang='lat' dir='ltr'>spiramentum</span> <span class='ocrx_word' id='word_1_307' title='bbox 892 3026 956 3095; x_wconf 84' lang='lat' dir='ltr'>cet]</span> <span class='ocrx_word' id='word_1_308' title='bbox 980 3027 1022 3078; x_wconf 85' lang='lat' dir='ltr'>Cl.</span> <span class='ocrx_word' id='word_1_309' title='bbox 1042 3027 1175 3079; x_wconf 78' lang='lat' dir='ltr'>Alexand.</span> <span class='ocrx_word' id='word_1_310' title='bbox 1193 3028 1336 3082; x_wconf 86' lang='lat' dir='ltr'>Problem.</span> 
     </span>
     <span class='ocr_line' id='line_1_34' title="bbox 164 3095 1336 3165; baseline 0.002 -18"><span class='ocrx_word' id='word_1_311' title='bbox 164 3097 248 3165; x_wconf 81' lang='lat' dir='ltr'>plays.</span> <span class='ocrx_word' id='word_1_312' title='bbox 266 3099 289 3162; x_wconf 85' lang='lat' dir='ltr'>l,</span> <span class='ocrx_word' id='word_1_313' title='bbox 309 3100 363 3147; x_wconf 84' lang='grc'>131.</span> <span class='ocrx_word' id='word_1_314' title='bbox 381 3123 414 3135; x_wconf 91' lang='grc'>-</span> <span class='ocrx_word' id='word_1_315' title='bbox 432 3097 524 3146; x_wconf 83' lang='lat' dir='ltr'>crebro</span> <span class='ocrx_word' id='word_1_316' title='bbox 547 3095 574 3144; x_wconf 87' lang='lat' dir='ltr'>h.</span> <span class='ocrx_word' id='word_1_317' title='bbox 593 3123 626 3133; x_wconf 93' lang='lat'><em>-</em></span> <span class='ocrx_word' id='word_1_318' title='bbox 642 3097 759 3162; x_wconf 81' lang='lat' dir='ltr'>corporis</span> <span class='ocrx_word' id='word_1_319' title='bbox 775 3112 864 3148; x_wconf 76' lang='lat' dir='ltr'>sensus</span> <span class='ocrx_word' id='word_1_320' title='bbox 881 3096 912 3147; x_wconf 83' lang='grc' dir='ltr'>Ρ.</span> <span class='ocrx_word' id='word_1_321' title='bbox 929 3123 961 3134; x_wconf 86' lang='grc'>-·</span> <span class='ocrx_word' id='word_1_322' title='bbox 981 3096 1146 3147; x_wconf 84' lang='lat' dir='ltr'>ministrent</span> <span class='ocrx_word' id='word_1_323' title='bbox 1164 3100 1206 3146; x_wconf 84' lang='lat' dir='ltr'>sl.</span> <span class='ocrx_word' id='word_1_324' title='bbox 1311 3103 1336 3149; x_wconf 82' lang='lat'>5.</span> 
     </span>
     <span class='ocr_line' id='line_1_35' title="bbox 163 3163 1334 3232; baseline -0.001 -15"><span class='ocrx_word' id='word_1_325' title='bbox 163 3181 264 3218; x_wconf 76' lang='lat' dir='ltr'>sentin</span> <span class='ocrx_word' id='word_1_326' title='bbox 282 3167 334 3216; x_wconf 85' lang='lat' dir='ltr'>eim</span> <span class='ocrx_word' id='word_1_327' title='bbox 354 3181 429 3214; x_wconf 83' lang='lat' dir='ltr'>sunm</span> <span class='ocrx_word' id='word_1_328' title='bbox 447 3163 476 3212; x_wconf 89' lang='grc' dir='ltr'>Ρ.</span> <span class='ocrx_word' id='word_1_329' title='bbox 510 3164 561 3213; x_wconf 81' lang='lat' dir='ltr'>eim</span> <span class='ocrx_word' id='word_1_330' title='bbox 578 3179 651 3213; x_wconf 82' lang='lat' dir='ltr'>suum</span> <span class='ocrx_word' id='word_1_331' title='bbox 671 3164 788 3214; x_wconf 80' lang='lat' dir='ltr'>sensibus</span> <span class='ocrx_word' id='word_1_332' title='bbox 808 3180 837 3213; x_wconf 86' lang='lat' dir='ltr'>v·</span> <span class='ocrx_word' id='word_1_333' title='bbox 862 3193 922 3214; x_wconf 92' lang='lat'>.-</span> <span class='ocrx_word' id='word_1_334' title='bbox 939 3164 978 3215; x_wconf 82' lang='lat' dir='ltr'>iis</span> <span class='ocrx_word' id='word_1_335' title='bbox 995 3180 1056 3230; x_wconf 78' lang='lat' dir='ltr'><strong>v-g.</strong></span> <span class='ocrx_word' id='word_1_336' title='bbox 1075 3192 1103 3202; x_wconf 90' lang='lat'>-</span> <span class='ocrx_word' id='word_1_337' title='bbox 1132 3165 1287 3232; x_wconf 81' lang='lat' dir='ltr'>rapiuntur</span> <span class='ocrx_word' id='word_1_338' title='bbox 1309 3183 1334 3217; x_wconf 89' lang='lat' dir='ltr'>v.</span> 
     </span>
    </p>

    <p class='ocr_par' dir='ltr' id='par_1_5' title="bbox 161 3181 1332 3572">
     <span class='ocr_line' id='line_1_36' title="bbox 267 3181 1330 3298; baseline 0 -15"><span class='ocrx_word' id='word_1_339' title='bbox 267 3238 293 3283; x_wconf 77' lang='lat' dir='ltr'>a.</span> <span class='ocrx_word' id='word_1_340' title='bbox 325 3231 458 3298; x_wconf 78' lang='lat' dir='ltr'>quoditie</span> <span class='ocrx_word' id='word_1_341' title='bbox 475 3229 527 3281; x_wconf 81' lang='lat' dir='ltr'>AS.</span> <span class='ocrx_word' id='word_1_342' title='bbox 632 3234 657 3280; x_wconf 78' lang='lat' dir='ltr'>l.</span> <span class='ocrx_word' id='word_1_343' title='bbox 683 3232 765 3298; x_wconf 82' lang='lat' dir='ltr'>paule</span> <span class='ocrx_word' id='word_1_344' title='bbox 784 3181 889 3297; x_wconf 60' lang='lat' dir='ltr'>ante55</span> <span class='ocrx_word' id='word_1_345' title='bbox 907 3235 932 3282; x_wconf 77' lang='lat'>4.</span> <span class='ocrx_word' id='word_1_346' title='bbox 956 3259 989 3270; x_wconf 89' lang='lat'><em>—</em></span> <span class='ocrx_word' id='word_1_347' title='bbox 1017 3233 1173 3282; x_wconf 77' lang='lat' dir='ltr'>adseram</span> <span class='ocrx_word' id='word_1_348' title='bbox 1192 3233 1230 3282; x_wconf 81' lang='lat' dir='ltr'>rei</span> <span class='ocrx_word' id='word_1_349' title='bbox 1249 3232 1276 3282; x_wconf 87' lang='lat' dir='ltr'>S.</span> <span class='ocrx_word' id='word_1_350' title='bbox 1303 3260 1330 3270; x_wconf 90' lang='lat'><em>-</em></span> 
     </span>
     <span class='ocr_line' id='line_1_37' title="bbox 163 3297 1331 3368; baseline -0.003 -16"><span class='ocrx_word' id='word_1_351' title='bbox 163 3300 291 3352; x_wconf 81' lang='lat' dir='ltr'>misteria</span> <span class='ocrx_word' id='word_1_352' title='bbox 310 3299 340 3349; x_wconf 83' lang='grc' dir='ltr'>Α.</span> <span class='ocrx_word' id='word_1_353' title='bbox 441 3301 466 3346; x_wconf 83' lang='grc'>8.</span> <span class='ocrx_word' id='word_1_354' title='bbox 496 3298 532 3349; x_wconf 78' lang='lat' dir='ltr'>m</span> <span class='ocrx_word' id='word_1_355' title='bbox 552 3298 710 3366; x_wconf 77' lang='lat' dir='ltr'>Euangelus</span> <span class='ocrx_word' id='word_1_356' title='bbox 726 3297 811 3348; x_wconf 80' lang='lat' dir='ltr'>c-blt.</span> <span class='ocrx_word' id='word_1_357' title='bbox 848 3315 901 3349; x_wconf 78' lang='lat' dir='ltr'>sian.</span> <span class='ocrx_word' id='word_1_358' title='bbox 920 3297 996 3349; x_wconf 78' lang='lat' dir='ltr'><strong>APS·</strong></span> <span class='ocrx_word' id='word_1_359' title='bbox 1035 3299 1192 3368; x_wconf 75' lang='lat' dir='ltr'>Euangelus</span> <span class='ocrx_word' id='word_1_360' title='bbox 1208 3307 1276 3357; x_wconf 87' lang='lat' dir='ltr'>(om.</span> <span class='ocrx_word' id='word_1_361' title='bbox 1295 3304 1331 3355; x_wconf 87' lang='lat' dir='ltr'>et)</span> 
     </span>
     <span class='ocr_line' id='line_1_38' title="bbox 163 3364 1330 3433; baseline -0.004 -13"><span class='ocrx_word' id='word_1_362' title='bbox 163 3367 199 3420; x_wconf 85' lang='lat' dir='ltr'>ri.</span> <span class='ocrx_word' id='word_1_363' title='bbox 218 3396 250 3407; x_wconf 92' lang='lat'>-</span> <span class='ocrx_word' id='word_1_364' title='bbox 269 3368 316 3420; x_wconf 85' lang='lat' dir='ltr'>tibi</span> <span class='ocrx_word' id='word_1_365' title='bbox 335 3367 363 3417; x_wconf 84' lang='lat' dir='ltr'>ia</span> <span class='ocrx_word' id='word_1_366' title='bbox 381 3372 439 3418; x_wconf 82' lang='lat' dir='ltr'>arte</span> <span class='ocrx_word' id='word_1_367' title='bbox 453 3364 481 3415; x_wconf 91' lang='lat' dir='ltr'>S.</span> <span class='ocrx_word' id='word_1_368' title='bbox 502 3392 529 3401; x_wconf 98' lang='lat'>-</span> <span class='ocrx_word' id='word_1_369' title='bbox 549 3382 600 3416; x_wconf 83' lang='lat' dir='ltr'>non</span> <span class='ocrx_word' id='word_1_370' title='bbox 619 3381 678 3429; x_wconf 74' lang='lat' dir='ltr'>esee</span> <span class='ocrx_word' id='word_1_371' title='bbox 697 3366 806 3432; x_wconf 75' lang='lat' dir='ltr'>lise-g.</span> <span class='ocrx_word' id='word_1_372' title='bbox 828 3393 854 3402; x_wconf 94' lang='lat'>-</span> <span class='ocrx_word' id='word_1_373' title='bbox 874 3374 903 3418; x_wconf 90' lang='lat' dir='ltr'>et</span> <span class='ocrx_word' id='word_1_374' title='bbox 925 3367 1037 3433; x_wconf 82' lang='lat' dir='ltr'>capillos</span> <span class='ocrx_word' id='word_1_375' title='bbox 1056 3365 1083 3416; x_wconf 84' lang='lat' dir='ltr'>S¹</span> <span class='ocrx_word' id='word_1_376' title='bbox 1105 3395 1130 3405; x_wconf 92' lang='lat'><em>-</em></span> <span class='ocrx_word' id='word_1_377' title='bbox 1151 3369 1256 3431; x_wconf 82' lang='lat' dir='ltr'>refelles</span> <span class='ocrx_word' id='word_1_378' title='bbox 1278 3366 1330 3416; x_wconf 84' lang='lat' dir='ltr'>Di-</span> 
     </span>
     <span class='ocr_line' id='line_1_39' title="bbox 162 3432 1332 3513; baseline -0.005 -25"><span class='ocrx_word' id='word_1_379' title='bbox 162 3434 329 3503; x_wconf 70' lang='lat' dir='ltr'>surilv-g.</span> <span class='ocrx_word' id='word_1_380' title='bbox 432 3437 458 3483; x_wconf 89' lang='lat' dir='ltr'>e.</span> <span class='ocrx_word' id='word_1_381' title='bbox 491 3432 697 3513; x_wconf 64' lang='lat' dir='ltr'>Euangelus.-</span> <span class='ocrx_word' id='word_1_382' title='bbox 718 3434 863 3498; x_wconf 73' lang='lat' dir='ltr'>[decer-g.</span> <span class='ocrx_word' id='word_1_383' title='bbox 886 3461 915 3470; x_wconf 91' lang='lat'><em>-</em></span> <span class='ocrx_word' id='word_1_384' title='bbox 942 3435 1112 3484; x_wconf 79' lang='lat' dir='ltr'>inmemv.</span> <span class='ocrx_word' id='word_1_385' title='bbox 1132 3460 1163 3470; x_wconf 96' lang='lat'><em>-</em></span> <span class='ocrx_word' id='word_1_386' title='bbox 1187 3440 1228 3483; x_wconf 87' lang='lat' dir='ltr'>est</span> <span class='ocrx_word' id='word_1_387' title='bbox 1249 3433 1332 3483; x_wconf 81' lang='lat' dir='ltr'>P.-</span> 
     </span>
     <span class='ocr_line' id='line_1_40' title="bbox 161 3499 1330 3572; baseline -0.005 -17"><span class='ocrx_word' id='word_1_388' title='bbox 161 3517 354 3572; x_wconf 77' lang='lat' dir='ltr'>persuasisses</span> <span class='ocrx_word' id='word_1_389' title='bbox 373 3499 409 3561; x_wconf 80' lang='lat' dir='ltr'>(d</span> <span class='ocrx_word' id='word_1_390' title='bbox 428 3506 529 3567; x_wconf 85' lang='lat' dir='ltr'>puncto</span> <span class='ocrx_word' id='word_1_391' title='bbox 547 3504 638 3566; x_wconf 80' lang='lat' dir='ltr'>posito</span> <span class='ocrx_word' id='word_1_392' title='bbox 652 3501 705 3552; x_wconf 84' lang='lat' dir='ltr'>suh</span> <span class='ocrx_word' id='word_1_393' title='bbox 722 3505 772 3560; x_wconf 83' lang='lat' dir='ltr'>m).</span> <span class='ocrx_word' id='word_1_394' title='bbox 791 3527 822 3536; x_wconf 97' lang='lat'>—</span> <span class='ocrx_word' id='word_1_395' title='bbox 839 3501 922 3566; x_wconf 85' lang='lat' dir='ltr'>paulo</span> <span class='ocrx_word' id='word_1_396' title='bbox 941 3499 1014 3568; x_wconf 85' lang='lat' dir='ltr'>ente]</span> <span class='ocrx_word' id='word_1_397' title='bbox 1033 3502 1049 3563; x_wconf 87' lang='lat'>§</span> <span class='ocrx_word' id='word_1_398' title='bbox 1067 3503 1091 3550; x_wconf 82' lang='lat'>4.</span> <span class='ocrx_word' id='word_1_399' title='bbox 1111 3525 1142 3535; x_wconf 93' lang='lat'>-</span> <span class='ocrx_word' id='word_1_400' title='bbox 1163 3499 1281 3549; x_wconf 78' lang='lat' dir='ltr'>Potesne</span> <span class='ocrx_word' id='word_1_401' title='bbox 1299 3503 1330 3549; x_wconf 84' lang='lat' dir='ltr'>vl</span> 
     </span>
    </p>
   </div>
   <div class='ocr_carea' id='block_1_5' title="bbox 166 3682 1334 3823">
    <p class='ocr_par' dir='ltr' id='par_1_6' title="bbox 166 3682 1334 3823">
     <span class='ocr_line' id='line_1_41' title="bbox 166 3682 1334 3823; baseline -0.006 -82"><span class='ocrx_word' id='word_1_402' title='bbox 166 3694 240 3823; x_wconf 56' lang='grc' dir='ltr'>154.ἱ</span> <span class='ocrx_word' id='word_1_403' title='bbox 262 3692 293 3808; x_wconf 56' lang='lat' dir='ltr'>{b</span> <span class='ocrx_word' id='word_1_404' title='bbox 315 3691 414 3742; x_wconf 84' lang='lat' dir='ltr'>diuinis</span> <span class='ocrx_word' id='word_1_405' title='bbox 438 3689 597 3757; x_wconf 82' lang='lat' dir='ltr'>corporibus]</span> <span class='ocrx_word' id='word_1_406' title='bbox 628 3689 670 3741; x_wconf 76' lang='lat' dir='ltr'>(ll.</span> <span class='ocrx_word' id='word_1_407' title='bbox 699 3707 723 3740; x_wconf 88' lang='lat' dir='ltr'>e.</span> <span class='ocrx_word' id='word_1_408' title='bbox 773 3687 850 3819; x_wconf 47' lang='grc' dir='ltr'><strong>ἒαΙΙεῖῑ</strong></span> <span class='ocrx_word' id='word_1_409' title='bbox 876 3688 948 3754; x_wconf 87' lang='lat' dir='ltr'>quod</span> <span class='ocrx_word' id='word_1_410' title='bbox 969 3693 1007 3738; x_wconf 84' lang='lat' dir='ltr'>at.</span> <span class='ocrx_word' id='word_1_411' title='bbox 1042 3684 1101 3737; x_wconf 76' lang='lat' dir='ltr'>Vid.</span> <span class='ocrx_word' id='word_1_412' title='bbox 1126 3689 1181 3735; x_wconf 90' lang='lat' dir='ltr'>not.</span> <span class='ocrx_word' id='word_1_413' title='bbox 1202 3682 1237 3734; x_wconf 88' lang='lat' dir='ltr'>ad</span> <span class='ocrx_word' id='word_1_414' title='bbox 1262 3699 1285 3733; x_wconf 90' lang='lat' dir='ltr'>e.</span> <span class='ocrx_word' id='word_1_415' title='bbox 1307 3687 1334 3745; x_wconf 72' lang='lat'>3,</span> 
     </span>
     <span class='ocr_line' id='line_1_42' title="bbox 201 3790 850 3823; baseline -0.006 -14"><span class='ocrx_word' id='word_1_416' title='bbox 201 3797 208 3823; x_wconf 92' lang='lat'>,</span> <span class='ocrx_word' id='word_1_417' title='bbox 295 3793 302 3808; x_wconf 88' lang='lat'><strong>.</strong></span> <span class='ocrx_word' id='word_1_418' title='bbox 844 3790 850 3805; x_wconf 89' lang='lat'><strong>.</strong></span> 
     </span>
    </p>
   </div>
   <div class='ocr_carea' id='block_1_6' title="bbox 163 3816 1333 4041">
    <p class='ocr_par' dir='ltr' id='par_1_7' title="bbox 163 3816 1333 4041">
     <span class='ocr_line' id='line_1_43' title="bbox 197 3816 1333 3908; baseline -0.009 -18"><span class='ocrx_word' id='word_1_419' title='bbox 197 3858 247 3906; x_wconf 81' lang='lat' dir='ltr'>pue</span> <span class='ocrx_word' id='word_1_420' title='bbox 269 3848 387 3892; x_wconf 83' lang='lat' dir='ltr'>mouetur</span> <span class='ocrx_word' id='word_1_421' title='bbox 410 3839 521 3908; x_wconf 82' lang='lat' dir='ltr'>caelum]</span> <span class='ocrx_word' id='word_1_422' title='bbox 548 3839 591 3891; x_wconf 66' lang='grc' dir='ltr'>(Π.</span> <span class='ocrx_word' id='word_1_423' title='bbox 616 3840 722 3894; x_wconf 79' lang='lat' dir='ltr'>Cumara.</span> <span class='ocrx_word' id='word_1_424' title='bbox 808 3828 833 3875; x_wconf 75' lang='lat'>⁶·</span> <span class='ocrx_word' id='word_1_425' title='bbox 869 3823 968 3873; x_wconf 50' lang='lat' dir='ltr'>&#39;‘¹⁶¹⁹‘st</span> <span class='ocrx_word' id='word_1_426' title='bbox 994 3820 1021 3871; x_wconf 53' lang='lat'>¹⁸¹¹</span> <span class='ocrx_word' id='word_1_427' title='bbox 1050 3818 1168 3883; x_wconf 52' lang='lat' dir='ltr'>minam]</span> <span class='ocrx_word' id='word_1_428' title='bbox 1200 3816 1243 3868; x_wconf 70' lang='lat' dir='ltr'>Cf·</span> <span class='ocrx_word' id='word_1_429' title='bbox 1271 3818 1333 3882; x_wconf 67' lang='lat'>§2-</span> 
     </span>
     <span class='ocr_line' id='line_1_44' title="bbox 163 3899 1332 4041; baseline -0.021 -17"><span class='ocrx_word' id='word_1_430' title='bbox 163 3906 185 3972; x_wconf 52' lang='grc'>1,</span> <span class='ocrx_word' id='word_1_431' title='bbox 198 3910 360 4038; x_wconf 51' lang='lat' dir='ltr'>slidhrbsh‘b</span> <span class='ocrx_word' id='word_1_432' title='bbox 379 3973 487 4025; x_wconf 77' lang='lat' dir='ltr'>comm.</span> <span class='ocrx_word' id='word_1_433' title='bbox 507 3974 529 4040; x_wconf 65' lang='lat'>1,</span> <span class='ocrx_word' id='word_1_434' title='bbox 551 3980 590 4037; x_wconf 62' lang='lat'>18,</span> <span class='ocrx_word' id='word_1_435' title='bbox 613 3979 623 4025; x_wconf 82' lang='lat'><em>1</em></span> <span class='ocrx_word' id='word_1_436' title='bbox 645 3992 704 4041; x_wconf 52' lang='lat' dir='ltr'>,W</span> <span class='ocrx_word' id='word_1_437' title='bbox 773 3899 1092 4022; x_wconf 41' lang='lat' dir='ltr'>mutlbue&#39;osssuetis]magie</span> <span class='ocrx_word' id='word_1_438' title='bbox 1105 3950 1191 4002; x_wconf 85' lang='lat' dir='ltr'>otiam</span> <span class='ocrx_word' id='word_1_439' title='bbox 1204 3967 1286 4017; x_wconf 84' lang='lat' dir='ltr'>quam</span> <span class='ocrx_word' id='word_1_440' title='bbox 1304 3949 1332 4001; x_wconf 89' lang='lat' dir='ltr'>id</span> 
     </span>
    </p>
   </div>
   <div class='ocr_carea' id='block_1_7' title="bbox 197 4023 1333 4158">
    <p class='ocr_par' dir='ltr' id='par_1_8' title="bbox 197 4023 1333 4158">
     <span class='ocr_line' id='line_1_45' title="bbox 197 4023 1333 4158; baseline 0.018 -50"><span class='ocrx_word' id='word_1_441' title='bbox 197 4056 335 4123; x_wconf 85' lang='lat' dir='ltr'>clemente]</span> <span class='ocrx_word' id='word_1_442' title='bbox 355 4056 398 4107; x_wconf 80' lang='lat' dir='ltr'>ct.</span> <span class='ocrx_word' id='word_1_443' title='bbox 418 4056 525 4109; x_wconf 79' lang='lat' dir='ltr'>comm.</span> <span class='ocrx_word' id='word_1_444' title='bbox 537 4058 574 4121; x_wconf 92' lang='lat' dir='ltr'>Il,</span> <span class='ocrx_word' id='word_1_445' title='bbox 586 4062 627 4120; x_wconf 75' lang='lat'>12,</span> <span class='ocrx_word' id='word_1_446' title='bbox 642 4061 672 4109; x_wconf 80' lang='lat' dir='ltr'>ll</span> <span class='ocrx_word' id='word_1_447' title='bbox 682 4076 723 4125; x_wconf 82' lang='lat' dir='ltr'>sq.</span> <span class='ocrx_word' id='word_1_448' title='bbox 773 4023 1169 4158; x_wconf 50' lang='grc' dir='ltr'>ἓῗῖῗηᾞὶξιῗίζ,αξὲῗξιᾙ</span> <span class='ocrx_word' id='word_1_449' title='bbox 1186 4025 1333 4137; x_wconf 45' lang='lat' dir='ltr'>{gemin</span> 
     </span>
    </p>
   </div>
   <div class='ocr_carea' id='block_1_8' title="bbox 160 4139 1332 4491">
    <p class='ocr_par' dir='ltr' id='par_1_9' title="bbox 161 4139 1331 4361">
     <span class='ocr_line' id='line_1_46' title="bbox 195 4139 1331 4227; baseline -0.011 -11"><span class='ocrx_word' id='word_1_450' title='bbox 195 4139 394 4208; x_wconf 47' lang='lat' dir='ltr'>‘&#39;P‘&#39;mm‘mm]</span> <span class='ocrx_word' id='word_1_451' title='bbox 431 4140 489 4190; x_wconf 61' lang='lat' dir='ltr'>m·</span> <span class='ocrx_word' id='word_1_452' title='bbox 533 4142 675 4227; x_wconf 54' lang='lat' dir='ltr'>lf⁰¹f³ssl½</span> <span class='ocrx_word' id='word_1_453' title='bbox 695 4160 721 4207; x_wconf 82' lang='lat' dir='ltr'>P·</span> <span class='ocrx_word' id='word_1_454' title='bbox 773 4175 834 4210; x_wconf 83' lang='lat' dir='ltr'>nem</span> <span class='ocrx_word' id='word_1_455' title='bbox 860 4159 995 4218; x_wconf 84' lang='lat' dir='ltr'>relerlnr,</span> <span class='ocrx_word' id='word_1_456' title='bbox 1029 4172 1081 4205; x_wconf 91' lang='lat' dir='ltr'>non</span> <span class='ocrx_word' id='word_1_457' title='bbox 1111 4154 1145 4205; x_wconf 85' lang='lat' dir='ltr'>ad</span> <span class='ocrx_word' id='word_1_458' title='bbox 1177 4170 1248 4204; x_wconf 85' lang='lat' dir='ltr'>rem:</span> <span class='ocrx_word' id='word_1_459' title='bbox 1283 4152 1331 4204; x_wconf 87' lang='lat' dir='ltr'>sed</span> 
     </span>
     <span class='ocr_line' id='line_1_47' title="bbox 162 4206 1331 4289; baseline -0.012 -3"><span class='ocrx_word' id='word_1_460' title='bbox 162 4224 230 4289; x_wconf 59' lang='grc' dir='ltr'>χ,ω’</span> <span class='ocrx_word' id='word_1_461' title='bbox 249 4208 321 4287; x_wconf 57' lang='lat'>&#39;¹2⁰⁶&#39;</span> <span class='ocrx_word' id='word_1_462' title='bbox 353 4206 396 4288; x_wconf 69' lang='lat' dir='ltr'>Cf:</span> <span class='ocrx_word' id='word_1_463' title='bbox 421 4207 500 4257; x_wconf 54' lang='lat'><strong>⁸¹⁰¹·</strong></span> <span class='ocrx_word' id='word_1_464' title='bbox 528 4208 556 4288; x_wconf 76' lang='lat'>¹,·</span> <span class='ocrx_word' id='word_1_465' title='bbox 582 4212 638 4259; x_wconf 73' lang='lat'>¹³¹·</span> <span class='ocrx_word' id='word_1_466' title='bbox 671 4209 722 4259; x_wconf 59' lang='grc' dir='ltr'>Οτι</span> <span class='ocrx_word' id='word_1_467' title='bbox 771 4226 857 4278; x_wconf 86' lang='lat' dir='ltr'>etiam</span> <span class='ocrx_word' id='word_1_468' title='bbox 875 4224 1033 4275; x_wconf 87' lang='lat' dir='ltr'>Columella</span> <span class='ocrx_word' id='word_1_469' title='bbox 1051 4223 1076 4284; x_wconf 88' lang='lat' dir='ltr'>l,</span> <span class='ocrx_word' id='word_1_470' title='bbox 1094 4228 1125 4284; x_wconf 85' lang='lat'>8,</span> <span class='ocrx_word' id='word_1_471' title='bbox 1142 4225 1167 4272; x_wconf 72' lang='lat'>2.</span> <span class='ocrx_word' id='word_1_472' title='bbox 1185 4221 1270 4273; x_wconf 85' lang='lat' dir='ltr'>dicit:</span> <span class='ocrx_word' id='word_1_473' title='bbox 1289 4222 1331 4272; x_wconf 78' lang='lat' dir='ltr'>ls-</span> 
     </span>
     <span class='ocr_line' id='line_1_48' title="bbox 161 4271 1134 4361; baseline -0.016 -5"><span class='ocrx_word' id='word_1_474' title='bbox 161 4274 345 4355; x_wconf 51' lang='lat' dir='ltr'>“v‘ffmgm‘</span> <span class='ocrx_word' id='word_1_475' title='bbox 361 4292 394 4354; x_wconf 65' lang='lat'>3⁰</span> <span class='ocrx_word' id='word_1_476' title='bbox 414 4283 566 4356; x_wconf 54' lang='lat' dir='ltr'>&#39;lvi‘nf’v</span> <span class='ocrx_word' id='word_1_477' title='bbox 584 4271 618 4325; x_wconf 59' lang='grc' dir='ltr'>ἐν</span> <span class='ocrx_word' id='word_1_478' title='bbox 635 4271 721 4340; x_wconf 57' lang='lat' dir='ltr'>gW·</span> <span class='ocrx_word' id='word_1_479' title='bbox 770 4294 917 4361; x_wconf 76' lang='lat' dir='ltr'>penariam</span> <span class='ocrx_word' id='word_1_480' title='bbox 933 4298 1134 4345; x_wconf 82' lang='lat' dir='ltr'>consuetum.</span> 
     </span>
    </p>

    <p class='ocr_par' dir='ltr' id='par_1_10' title="bbox 160 4342 1332 4491">
     <span class='ocr_line' id='line_1_49' title="bbox 161 4342 1332 4424; baseline -0.015 -3"><span class='ocrx_word' id='word_1_481' title='bbox 161 4343 260 4420; x_wconf 50' lang='lat' dir='ltr'>‘ml&#39;</span> <span class='ocrx_word' id='word_1_482' title='bbox 287 4357 428 4422; x_wconf 61' lang='grc' dir='ltr'><em>Μῗυμα</em></span> <span class='ocrx_word' id='word_1_483' title='bbox 460 4344 649 4424; x_wconf 55' lang='grc' dir='ltr'>ἶαθαῗσωθα*</span> <span class='ocrx_word' id='word_1_484' title='bbox 675 4342 722 4393; x_wconf 65' lang='lat'>’¹⁰¹²</span> <span class='ocrx_word' id='word_1_485' title='bbox 825 4361 923 4411; x_wconf 75' lang='lat' dir='ltr'>suescit</span> <span class='ocrx_word' id='word_1_486' title='bbox 940 4393 965 4408; x_wconf 85' lang='lat'>..</span> <span class='ocrx_word' id='word_1_487' title='bbox 982 4357 1089 4424; x_wconf 83' lang='lat' dir='ltr'>molum]</span> <span class='ocrx_word' id='word_1_488' title='bbox 1107 4354 1259 4408; x_wconf 78' lang='lat' dir='ltr'>ct&#39;racts.</span> <span class='ocrx_word' id='word_1_489' title='bbox 1279 4353 1332 4406; x_wconf 72' lang='lat' dir='ltr'>Aa·</span> 
     </span>
     <span class='ocr_line' id='line_1_50' title="bbox 160 4377 1193 4491; baseline -0.016 0"><span class='ocrx_word' id='word_1_490' title='bbox 160 4403 296 4457; x_wconf 58' lang='lat' dir='ltr'><em>&#39;aum‘</em></span> <span class='ocrx_word' id='word_1_491' title='bbox 314 4421 365 4458; x_wconf 62' lang='lat' dir='ltr'>“W</span> <span class='ocrx_word' id='word_1_492' title='bbox 382 4411 441 4468; x_wconf 54' lang='grc' dir='ltr'><strong><em>τοῖς</em></strong></span> <span class='ocrx_word' id='word_1_493' title='bbox 458 4425 561 4474; x_wconf 45' lang='lat' dir='ltr'>”lomb</span> <span class='ocrx_word' id='word_1_494' title='bbox 771 4377 829 4480; x_wconf 67' lang='lat' dir='ltr'>aab.</span> <span class='ocrx_word' id='word_1_495' title='bbox 848 4427 870 4491; x_wconf 90' lang='lat'>1,</span> <span class='ocrx_word' id='word_1_496' title='bbox 888 4428 913 4476; x_wconf 82' lang='lat' dir='ltr'>l.</span> <span class='ocrx_word' id='word_1_497' title='bbox 930 4440 1071 4491; x_wconf 78' lang='lat' dir='ltr'>pavescere</span> <span class='ocrx_word' id='word_1_498' title='bbox 1089 4424 1193 4477; x_wconf 71' lang='lat' dir='ltr'>bellan.</span> 
     </span>
    </p>
   </div>
   <div class='ocr_carea' id='block_1_9' title="bbox 82 4485 1329 4640">
    <p class='ocr_par' dir='ltr' id='par_1_11' title="bbox 82 4485 1329 4640">
     <span class='ocr_line' id='line_1_51' title="bbox 82 4485 1329 4640; baseline -0.001 -101"><span class='ocrx_word' id='word_1_499' title='bbox 82 4504 154 4640; x_wconf 77' lang='grc'>.</span> <span class='ocrx_word' id='word_1_500' title='bbox 195 4485 285 4556; x_wconf 72' lang='lat' dir='ltr'>paesi]</span> <span class='ocrx_word' id='word_1_501' title='bbox 313 4486 341 4538; x_wconf 89' lang='lat' dir='ltr'>lr.</span> <span class='ocrx_word' id='word_1_502' title='bbox 365 4489 386 4541; x_wconf 89' lang='grc' dir='ltr'>Ι.</span> <span class='ocrx_word' id='word_1_503' title='bbox 403 4495 432 4541; x_wconf 89' lang='lat' dir='ltr'>et</span> <span class='ocrx_word' id='word_1_504' title='bbox 454 4491 528 4542; x_wconf 68' lang='grc' dir='ltr'>ἰείη</span> <span class='ocrx_word' id='word_1_505' title='bbox 555 4493 573 4552; x_wconf 75' lang='lat'>8</span> <span class='ocrx_word' id='word_1_506' title='bbox 597 4494 622 4541; x_wconf 75' lang='lat'>⁶.</span> <span class='ocrx_word' id='word_1_507' title='bbox 645 4490 720 4542; x_wconf 81' lang='lat' dir='ltr'>idern</span> <span class='ocrx_word' id='word_1_508' title='bbox 804 4490 1329 4560; x_wconf 64' lang='lat' dir='ltr'>8.num-lbelnnullumpsrtem.</span> 
     </span>
    </p>
   </div>
   <div class='ocr_carea' id='block_1_10' title="bbox 0 0 1410 5242">
    <p class='ocr_par' dir='ltr' id='par_1_12' title="bbox 0 0 1410 5242">
     <span class='ocr_line' id='line_1_52' title="bbox 0 0 1410 5242; baseline 0 1"><span class='ocrx_word' id='word_1_509' title='bbox 0 0 1410 5242; x_wconf 95' lang='lat' dir='ltr'> </span> 
     </span>
    </p>
   </div>
  </div>
 </body>
</html>
