2812 5242
616 139 826 207 MACROBII

299 313 372 377 Oeim
389 321 487 374 tomen
508 311 586 372 r'nter
606 330 638 372 sc
657 311 803 394 prostrati
821 310 855 373 in
876 311 1013 392 promine
1031 313 1116 374 motti

296 398 425 480 Propter
446 415 542 478 oquae
561 393 662 457 ricem
684 393 739 458 eat
759 395 853 457 romeis
871 394 990 458 artorio
1011 395 1098 470 altae,

298 482 366 547 Non
383 479 500 562 mapnie
523 477 628 563 opibus
645 477 775 543 iucunde
794 501 828 542 eo
869 500 925 542 ora
943 490 1071 543 corant:

299 564 479 628 Praesertim
500 583 568 625 cnm
586 572 739 647 tempestat
760 561 832 627 adri
852 574 878 626 et
898 574 924 626 et
944 565 1022 626 enni

250 677 279 718 10
302 648 447 734 Tempora
466 658 663 731 coesperpoat
682 646 845 712 viridantes
857 647 983 732 fioribus
1000 646 1115 711 herbas.

116 772 138 838 6
299 770 367 835 Non
387 768 510 832 umbrae
529 767 657 831 altorum
673 789 840 844 nonarum,
861 790 923 832 non
943 768 1045 832 mollia
1063 783 1194 853 possent

300 855 395 918 Prata
414 872 530 933 morere
549 852 700 917 animum:
719 873 782 916 non
803 853 857 938 qui
872 873 929 937 per
947 875 1025 917 sona
1044 853 1164 918 colmes

99 958 167 1023 {leel
301 939 416 1002 Porior
438 937 540 1001 electra
560 958 698 1022 campere
711 938 788 1022 petit
804 939 910 1001 amnes.

150 1040 311 1105 Lucretius
332 1038 363 1101 in
385 1036 533 1101 secundo:

300 1124 360 1190 Nec
376 1133 493 1187 tenerae
513 1120 616 1185 edices
638 1132 725 1206 atque
747 1120 852 1186 trabae
873 1141 943 1186 rore
962 1123 1090 1187 virentes

300 1207 498 1292 diurnaeque
517 1206 580 1269 elta
601 1216 712 1290 queunt
729 1208 852 1270 samme's
871 1205 1001 1271 tabentia
1020 1207 1099 1292 repis

303 1292 453 1356 Oblectare
475 1291 609 1354 animum
626 1290 810 1378 editamque
831 1301 962 1355 avertere
983 1312 1096 1355 curam.

102 1378 248 1476 ¹'tlpsius
271 1411 343 1455 vero
366 1388 564 1474 pestilentiae,
587 1411 667 1474 quac
689 1398 735 1455 est
756 1389 788 1454 in
807 1390 899 1455 tertio
917 1390 1147 1539 Georgicorum,
1166 1389 1256 1454 color
1276 1398 1322 1455 to-

148 1483 199 1538 tus
220 1482 252 1539 ct
272 1475 446 1539 liniamenta
469 1495 565 1558 paene
593 1474 695 1538 omnia
715 1481 811 1539 tracte
835 1483 906 1539 sunt
932 1476 970 1540 de
1018 1473 1203 1559 ascriptione
1227 1475 1323 1560 pesti·

148 1559 260 1625 tentiae
282 1580 362 1646 quae
381 1558 476 1623 estin
500 1564 586 1622 sexto
604 1558 747 1624 Lucretii.
791 1560 869 1624 Nam
894 1558 1059 1644 virgiliane
1079 1558 1203 1643 incipit:

301 1646 359 1709 Hie
376 1644 526 1731 qnondam
545 1644 647 1708 morbo
672 1643 749 1709 coeti
766 1644 939 1708 miseranda
959 1656 1061 1709 coorta
1083 1655 1125 1708 est

303 1731 468 1816 Tempestas
490 1740 606 1815 totoque
627 1731 781 1794 auctumni
799 1728 956 1793 iroconduit
975 1739 1066 1804 aestu,

300 1817 338 1879 Et
358 1837 452 1899 penes
474 1835 560 1878 omne
579 1815 649 1878 neci
663 1812 812 1899 pecudem
832 1813 926 1891 dedet,
949 1836 1034 1879 omne
1051 1814 1197 1898 feroram

150 1915 283 1979 Lucretii
309 1936 380 1979 vcro
403 1913 447 1976 sic
467 1913 584 1998 incipit:

301 2000 383 2063 Haec
404 1998 483 2062 ratio
524 1998 656 2065 condam
676 1998 849 2064 morborum
869 2009 895 2062 et
914 2000 1051 2081 mortifer
1071 2009 1167 2063 aeetae

299 2084 428 2148 Finibus
448 2085 483 2148 in
503 2021 640 2171 iecropis
657 2086 788 2167 snnmtoe
808 2083 941 2149 reddidit
959 2104 1057 2167 apros,

307 2170 490 2256 Vastam'tqee
507 2171 581 2245 vias,
603 2169 741 2234 externit
756 2170 869 2235 ciritae
891 2167 1001 2232 orbern

117 2264 223 2346 tisoni,
259 2280 410 2356 quotenus
438 2279 536 2335 toturn
565 2269 665 2335 tecum
690 2270 849 2420 utriusguo
870 2289 984 2355 ponere
1012 2267 1084 2332 satis
1111 2269 1234 2349 tongum
1263 2281 1323 2346 ost,

148 2372 306 2440 excerpam
328 2356 429 2440 eliqua
458 2376 494 2419 ex
521 2354 633 2438 quibus
649 2355 788 2432 similitu
810 2378 829 2421 o
860 2354 998 2441 geminae
1026 2351 1237 2439 descriptionis
1266 2355 1320 2417 od-

148 2448 260 2520 parcnt
672 2450 680 2458 ”

148 2538 376 2678 virginus&
395 2635 465 2676 vero
484 2619 621 2683 ardentes
638 2623 719 2685 aceli
732 2632 819 2708 atquc
836 2624 987 2689 adnectere
1007 2625 1044 2688 ab
1064 2626 1122 2690 atto

297 2697 441 2784 Spiritm,
461 2698 611 2766 interdum
627 2706 737 2788 pemitn
755 2710 869 2790 praor's,
891 2710 1008 2793 imoque
1025 2710 1112 2792 tonpo

215 2867 295 2935 [nn.
316 2867 422 2921 erse.

147 2951 283 3014 „Rectius
305 2951 334 3004 in
355 2951 407 3004 Ed.
430 2952 485 3002 ret.
507 2950 622 3018 tenpto‚·
646 2951 698 3005 alii
719 2953 775 3024 (hg
792 2955 820 3006 in
838 2970 895 3022 mg.
920 2961 948 3006 et
970 2952 1099 3021 nactum)
1121 2959 1194 3009 noeto
1218 2965 1316 3013 tecta.“

147 3018 232 3072 Zeno.
260 3018 320 3072 vid.
339 3026 396 3072 not.
420 3043 454 3058 -
479 3033 505 3069 r·
524 3021 550 3068 8.
580 3019 664 3137 {cire
686 3028 773 3074 temen
797 3022 878 3074 boor.
897 3023 941 3073 ed.
958 3023 1079 3074 Heres-c.
1117 3029 1249 3078 Attamen
1272 3029 1316 3077 ed.

146 3085 262 3138 creceii.
287 3115 320 3124 -
350 3104 373 3137 r.
394 3091 419 3137 8.
445 3085 567 3137 iocando
607 3086 636 3138 S.
652 3088 774 3142 incende
790 3089 823 3142 N.
841 3119 869 3129 -
893 3095 977 3142 r.10.
1001 3101 1194 3161 coeepargcnt
1210 3093 1315 3145 veohN.

146 3170 213 3205 enm
229 3163 355 3222 pergant
371 3153 448 3218 (nup.
464 3153 528 3205 aad.
545 3157 572 3214 e)
587 3153 618 3208 Δ.
636 3181 669 3195 -
684 3157 837 3210 viridantis
851 3158 926 3226 ring.
961 3161 1126 3213 viridantem
1143 3160 1186 3210 ch.
1290 3164 1315 3211 6.

148 3220 472 3287 Nen]Georg.ltl,520·
511 3221 686 3290 Virgilian
709 3223 769 3276 Nori
786 3225 840 3276 vti.
880 3229 1057 3295 Vergilius
1074 3229 1107 3278 in
1128 3228 1317 3294 Georgicir.

148 3288 208 3340 Non
226 3290 310 3355 ehgtr.
328 3315 360 3327 -
379 3304 403 3338 r.
418 3291 444 3337 2.
463 3304 581 3341 canere
595 3289 627 3342 1³.
645 3316 678 3328 -
696 3290 725 3342 ir
741 3293 866 3357 recondo]
884 3309 909 3343 r.
927 3297 987 3344 361.
1003 3321 1035 3332 -
1053 3309 1078 3342 r.
1094 3298 1116 3344 1.
1136 3295 1190 3344 Nee
1207 3301 1318 3346 temere

146 3354 398 3423 SM.-oigenter
416 3371 448 3404 v·
483 3353 655 3410 Μυσὴ-1.
670 3361 695 3409 2.
713 3357 768 3410 stra
783 3357 899 3408 Lectum.
920 3386 953 3397 -
975 3359 1127 3410 tendentia
1143 3362 1186 3407 vti.
1289 3366 1314 3412 7.

149 3423 258 3494 Georgi.
273 3438 299 3475 r.
327 3372 470 3491 pergi.
502 3422 662 3541 Georffiicon
676 3439 739 3541 2-30
756 3448 787 3462 -
805 3424 975 3475 lincamenta
989 3425 1109 3501 s-trP3—
1132 3423 1194 3486 Hic]
1209 3425 1316 3489 Georg.

145 3488 198 3553 111,
215 3493 275 3542 tte.
293 3515 326 3528 -
343 3504 370 3542 r·
389 3493 414 3539 2.
430 3496 574 3557 totaque!
595 3518 651 3542 .-
668 3505 695 3543 r.
731 3526 738 3543 .
755 3507 802 3542 nec
819 3490 853 3540 ia
869 3489 907 3539 Μ.
926 3515 952 3527 -
976 3488 1100 3552 Lucretii]
1114 3490 1241 3554 veneo
1254 3493 1313 3547 (38.

145 3555 191 3621 ir.)
230 3557 345 3609 Lucretii
361 3556 492 3623 ..incipit
515 3573 569 3608 om.
586 3574 641 3610 Μ.
670 3557 760 3621 ‚muto
776 3557 848 3609 hano
863 3557 949 3609 rerba
968 3555 996 3607 in
1013 3556 1064 3606 tte.
1083 3560 1137 3606 ret.
1157 3559 1231 3604 recte
1249 3560 1315 3606 enat

145 3623 230 3674 tinec:
259 3623 447 3676 Lucretie'oero
464 3625 502 3676 rio
519 3624 572 3675 inci
592 3626 641 3677 it.“
659 3626 745 3679 Zenn.
765 3651 801 3664 -
824 3641 849 3677 r.
867 3627 891 3674 1.
915 3624 981 3675 Nec
999 3622 1028 3675 S,
1049 3648 1083 3660 -
1108 3639 1135 3669 r.
1154 3625 1180 3671 2.
1206 3620 1316 3674 Finibus

151 3692 293 3758 Cecropiis
311 3690 373 3744 eet.
387 3689 549 3744 incenante
586 3692 677 3745 tebni.
695 3694 812 3743 -v.e.
830 3692 907 3744 viam
922 3690 951 3742 S.
1052 3693 1079 3740 8.
1106 3697 1144 3742 ert
1162 3687 1272 3757 longene
1285 3688 1315 3740 S.

151 3784 178 3795 -
198 3767 321 3827 apparet
335 3760 385 3828 hg.
402 3786 436 3798 -
457 3759 533 3825 Tam]
550 3759 655 3824 Georg.
673 3760 726 3826 ru,
741 3762 802 3811 606.
820 3785 852 3797 -
871 3775 897 3810 r.
912 3761 937 3811 2.
958 3757 1081 3827 gravier
1096 3755 1130 3809 A.
1146 3785 1179 3795 -
1193 3757 1315 3823 iamque

147 3929 243 3980 cronio
268 3931 353 3984 utitor
372 3949 406 3985 ec
431 3935 485 3986 troo
509 3937 571 3986 toco
595 3934 707 3987 ridetur
758 3933 854 3986 cononi
882 3932 1061 3985 scribentium
1087 3948 1150 3982 eme
1176 3939 1256 3990 tecto,
1285 3938 1315 3981 et

146 3994 320 4047 citatunceoe
334 4016 350 4049 e
364 4002 506 4054 memoria.
517 4003 707 4070 Vid.not.eeq.
757 4002 865 4068 legitor
881 4017 904 4052 c.
916 4004 940 4052 t.
958 4003 975 4064 S
992 4004 1035 4052 21.
1058 4004 1086 4050 et
1107 3998 1208 4050 [oecon.
1226 3997 1316 4048 Phoe-

182 4063 309 4128 taqneata
329 4076 477 4136 onerataque
495 4071 605 4137 tempta]
625 4071 706 4136 Quod
757 4071 809 4122 eor.
832 4069 866 4130 X,
885 4072 954 4129 11³„
972 4067 1039 4134 quia
1056 4066 1111 4117 hoe
1128 4066 1212 4117 nimir
1230 4064 1316 4116 dictet

146 4129 176 4181 in
196 4129 340 4182 codicibus
364 4149 430 4185 rnre.
454 4136 573 4202 tegitur,
603 4140 706 4206 Tempe,
757 4153 774 4190 n
794 4153 862 4188 rece
884 4137 987 4203 Tempe,
1006 4149 1077 4201 qnae
1097 4135 1185 4184 mutto
1201 4130 1316 4183 tonitiu-

147 4197 176 4249 id
197 4196 267 4250 terri
291 4198 401 4252 omnino
428 4218 481 4253 non
505 4208 612 4271 potent,
643 4222 705 4256 oum
758 4210 868 4271 poteret
885 4201 965 4257 nesci
983 4218 998 4254 e
1017 4218 1085 4253 voce
1108 4201 1219 4267 tempto,
1244 4214 1316 4265 quoe

147 4272 261 4335 propter
289 4266 376 4319 totins
405 4267 461 4320 toci
489 4286 615 4332 sensnm,
647 4278 705 4322 tum
756 4271 905 4339 tegebatur
943 4276 1008 4321 ente
1041 4268 1248 4320 Lachmannnm
1286 4265 1317 4318 in

166 4340 262 4416 raptet·
291 4334 362 4387 hoec
388 4335 529 4401 epitheto:
558 4343 588 4389 et
615 4337 707 4419 potnit
755 4338 886 4390 omnibns
908 4336 1114 4418 exemplnribur
1132 4332 1319 4387 Lucretianie.

147 4401 284 4531 1:3¹¹&
306 4401 705 4536 {itti-'idstfflqisvtiissi
787 4405 981 4538 miii
994 4401 1274 4536 ttt·.t⁰t,·t‚¹e⁴’
1289 4405 1315 4452 ⁸·
