2812 5242
123 153 189 219 5110
595 150 806 218 uncuobu

211 322 251 386 11.
295 321 337 386 Et
357 321 508 386 Avienus:
542 321 643 386 Novas
669 319 743 386 mibi
768 320 844 385 duas
875 319 1048 407 disciplinas
1069 321 1184 387 rideris
1212 322 1302 388 indu·

125 426 195 471 cero
215 406 422 490 interrogandi
443 407 489 471 vol
510 406 602 471 etiam
624 404 882 492 reprehendendi,
913 414 949 472 ut
975 405 1116 472 alacritas
1142 407 1302 505 utrimque

125 490 173 555 bis
189 491 226 556 ad
269 511 326 556 uos
347 511 448 556 sermo
469 500 517 556 ost
533 491 698 568 excitetur,
730 511 801 556 curn
829 489 917 555 dolor
937 511 1058 589 semper
1083 491 1299 576 reprehensio·

127 597 195 640 nem
224 512 271 640 viri
302 575 413 640 iustum
442 581 602 661 sequatur:
638 575 721 641 unde
748 574 823 640 baec
853 595 933 660 quae
960 575 1067 641 leviter
1097 575 1227 661 attigisti
1256 575 1301 642 lae

96 666 241 746 iquaeso
264 660 433 724 enarrando
457 661 602 746 planiora.
643 660 798 737 Primum,
825 661 855 724 in
879 660 926 725 uit
946 660 1145 739 Eustatbius,
1173 661 1236 727 boc
1256 670 1299 726 tc·

127 766 198 810 neas
219 745 305 822 volo,
332 767 393 810 uon
415 745 454 809 de
476 766 510 810 ea
531 766 580 810 me
601 744 837 831 reprohensione
857 681 969 810 dixisse
987 765 1067 831 quae
1090 767 1104 809 s
1166 747 1227 811 iem
1251 768 1298 811 ac·

127 830 294 894 cusationis
315 829 420 907 babet,
451 829 505 894 sed
527 852 608 917 quac
627 830 858 914 vituperationis
878 831 974 896 instar
993 839 1049 895 est
1123 852 1165 896 oc
1191 830 1300 897 Gracci

127 917 264 998 σκῶμμα
284 924 407 994 vocant,
438 936 500 979 non
523 916 624 981 minus
643 915 767 1002 quidem
792 936 930 980 amarum
953 936 1045 1000 quarn
1073 916 1248 993 accusatio,
1276 917 1300 981 si

127 1000 291 1086 inportune
312 999 500 1085 proferatur:
530 1001 584 1065 sed
611 1020 629 1065 a
656 1001 792 1086 sapiente
815 1001 859 1065 sic
880 1000 1051 1086 proferetur
1074 1007 1111 1065 ut
1136 1001 1301 1067 dulcedine

97 1087 118 1153 3
148 1106 252 1171 uoque
276 1105 338 1149 nou
361 1094 471 1150 careat
515 1085 557 1150 Et
578 1094 615 1151 ut
640 1085 724 1171 prius
749 1085 804 1151 tibi
833 1085 872 1151 do
906 1085 1142 1171 interrogatione
1174 1106 1300 1172 respou-

127 1107 233 1249 dcam,
265 1172 319 1259 qui
346 1172 412 1239 vult
435 1190 583 1238 amoenus
610 1191 677 1239 esse
701 1170 858 1239 consultor
879 1192 915 1236 ea
937 1171 1103 1255 interrogat
1124 1191 1207 1257 quae
1230 1181 1302 1237 sunt

97 1288 102 1299 ·
128 1259 314 1343 interrogato
336 1257 435 1322 lucilia
454 1278 614 1344 responsu,
635 1267 666 1326 et
680 1278 760 1357 quae
776 1257 834 1323 scit
852 1257 937 1322 illum
956 1256 1060 1322 sedula
1080 1257 1301 1322 exercitatione

98 1343 278 1409 ldidieisso.
327 1342 449 1408 Gaudet
471 1344 551 1408 enirn
575 1345 716 1431 quisquis
742 1352 925 1429 provocatur
949 1342 987 1408 ad
1011 1341 1183 1406 doctrinam
1211 1362 1300 1407 suam

127 1428 158 1492 iu
181 1428 315 1494 medium
337 1428 560 1512 proferendam,
580 1429 653 1515 quia
671 1447 762 1494 nomo
784 1428 849 1493 vult
871 1427 965 1493 latero
985 1427 1068 1513 quod
1090 1425 1213 1505 didicit,
1237 1447 1300 1492 ma·

127 1511 208 1577 xime
235 1513 260 1576 si
284 1512 409 1577 scientia
429 1534 522 1599 quarn
551 1513 655 1580 labore
676 1513 825 1599 quaesivit
846 1532 914 1576 curn
941 1512 1047 1596 paucis
1073 1510 1115 1575 illi
1141 1508 1301 1578 familiaris

127 1603 159 1662 et
177 1596 314 1682 piurimis
334 1597 375 1662 sit
397 1599 566 1683 incognita,
599 1606 636 1663 ut
655 1596 694 1662 de
714 1597 900 1662 astronomia
922 1596 967 1661 rel
991 1595 1149 1662 dialectica
1174 1596 1299 1662 ceteris·

127 1702 189 1768 que
222 1682 380 1748 similibus.
424 1685 511 1749 'l'unc
545 1682 627 1748 enirn
658 1681 800 1747 ridentur
829 1681 977 1768 consequi
1006 1680 1140 1746 fructum
1174 1681 1300 1760 laboris,

125 1787 196 1832 curn
232 1767 441 1850 adipiscuntur
474 1769 666 1834 occasionem
700 1767 874 1853 publicandi
912 1787 991 1853 quae
1021 1766 1191 1832 didicerant
1233 1767 1301 1833 sine

75 1854 356 1938 {aoqostontationis
388 1862 476 1930 nota,
509 1874 570 1940 qua
593 1860 675 1918 caret
699 1852 752 1938 qui
776 1874 839 1917 non
865 1851 974 1937 ingerit
1004 1851 1056 1915 sed
1086 1851 1235 1916 invitatur
1264 1860 1301 1917 ut

96 1937 267 2023 5prolerat.
314 1938 429 2002 Contra
453 1959 579 2022 magnae
601 1937 811 2003 amaritudinis
841 1946 902 2014 est,
935 1936 959 2000 si
988 1957 1090 2000 coram
1115 1936 1221 2001 multis
1243 1936 1297 2001 ali·

125 2042 217 2109 quem
250 2021 417 2107 interroges
449 2023 534 2109 quod
563 2045 624 2088 non
661 2021 764 2108 opima
797 2022 922 2086 scientia
956 2021 1112 2106 quaesivit
1166 2021 1300 2105 Cogitur

125 2106 206 2170 enirn
229 2114 283 2172 aut
309 2127 420 2193 negare
444 2129 478 2174 so
504 2107 594 2186 scire,
626 2108 709 2194 quod
735 2116 903 2173 extremum
933 2105 1132 2171 verecundiae
1148 2104 1299 2172 damnum

126 2199 250 2277 putant,
285 2201 340 2258 aut
366 2213 413 2258 ros
457 2194 549 2259 odere
575 2201 689 2259 temere
710 2201 742 2258 et
762 2191 889 2258 lortuito
910 2212 943 2256 se
962 2191 1083 2255 eventui
1103 2189 1166 2255 reri
1192 2190 1301 2260 lalsiro

126 2276 336 2356 committere,
364 2300 406 2344 un
428 2300 446 2343 e
466 2299 557 2363 saepe
578 2277 715 2344 nascitur
734 2277 870 2342 inscitiae
892 2275 1042 2362 proditio:
1077 2283 1108 2340 et
1130 2295 1222 2341 omne
1238 2276 1301 2343 boc

97 2360 326 2428 binlortunium
356 2363 483 2462 pudoris
520 2362 568 2427 sui
603 2363 724 2447 inputet
757 2362 936 2427 consulenti.
992 2362 1054 2426 Nec
1085 2381 1146 2424 non
1179 2369 1211 2425 et
1242 2363 1298 2447 qui

126 2447 268 2513 obierunt
289 2468 384 2512 marra
406 2455 437 2512 ot
459 2457 555 2512 terras
581 2447 729 2531 gaudent,
761 2468 832 2511 cum
857 2448 895 2511 de
918 2447 1023 2530 ignoto
1045 2444 1147 2510 multis
1165 2445 1212 2510 vel
1234 2454 1297 2512 ter·

125 2552 227 2597 rarum
251 2532 311 2595 situ
334 2532 378 2597 vel
404 2531 473 2596 sinu
501 2530 592 2596 maris
615 2531 858 2612 interrogantur,
890 2530 1082 2616 libenterque
1110 2530 1298 2617 respondent

192 2734 271 2804 [llas.
290 2735 428 2787 nt’sbrs.

128 2887 134 2900 .
191 2819 227 2869 11.
266 2821 351 2900 Caput
373 2821 409 2870 11.
443 2818 482 2869 Dc
499 2818 593 2882 quibus
613 2818 724 2872 libenter
744 2820 853 2887 quisque
876 2822 1062 2904 interrogetur.
1089 2822 1167 2874 uls-b.
1272 2827 1297 2875 1.

123 2889 307 3017 111111
326 2884 1295 3025 111111111111111..-11111111..111·

123 3018 177 3068 111.
194 3046 223 3055 -
243 3019 384 3070 acuendo
399 3019 453 3070 111.
557 3025 582 3073 1.
607 3023 879 3076 manumittente.
901 3051 930 3063 -
949 3026 1167 3078 1111111118.-
1181 3040 1294 3076 scanne

123 3084 193 3136 blas.
210 3090 240 3136 et
257 3084 324 3138 Edd.
346 3113 380 3124 -
399 3087 503 3155 quidem
521 3105 576 3140 orn.
595 3089 648 3140 111.
668 3118 700 3130 -
716 3094 866 3159 proferetur
882 3095 950 3157 (our.
970 3097 1020 3156 sic)
1036 3095 1091 3144 s·b.
1126 3110 1187 3144 uos
1201 3093 1296 3160 prole·

122 3160 195 3234 retus
211 3151 243 3204 Ρ.
291 3221 308 3270 d
346 3156 612 3272 {meipsius-stom.
634 3165 678 3279 opp
700 3158 917 3280 Asuiffi'mi'i‘
948 3163 1124 3277 -cqibp'onrd
1143 3157 1297 3277 :bb-'de

121 3225 220 3338 {tum
243 3236 397 3341 “saiivam
420 3226 696 3347 coliisultorqis'simllt..
707 3230 764 3334 ’ἐς
781 3229 978 3361 12111ςοῖνῖΞῶ
994 3256 1047 3344 iet.
1058 3245 1113 3353 (159
1126 3243 1224 3358 qrqqn
1247 3245 1298 3346 ccl.

122 3350 198 3405 Plus.
216 3353 235 3405 Ι.
255 3373 290 3415 ο..
308 3360 334 3406 1.
359 3385 392 3396 -
410 3360 587 3427 respondere
606 3361 642 3413 11.
745 3364 768 3412 t
800 3363 828 3411 in
846 3358 982 3410 medios·
1003 3385 1030 3396 -
1058 3359 1222 3434 adquisivit
1242 3360 1297 3412 111.

120 3446 156 3460 ·-
181 3429 210 3474 et
231 3423 371 3477 dialectico
388 3426 439 3476 111.
542 3431 566 3480 b.
594 3430 741 3498 interroger
758 3427 873 3490 aliquem
892 3440 953 3488 r-g.
969 3450 1004 3463 -
1028 3431 1135 3489 optimo
1152 3423 1221 3472 lldd
1239 3426 1294 3478 PS.

122 3490 250 3556 opitiurc
269 3492 340 3553 (del.
358 3494 393 3553 tr]
413 3493 463 3544 111.
481 3521 514 3543 .-
529 3502 635 3558 tenere,
652 3493 762 3557 fortuito
779 3496 848 3549 (⁰¹¹¹-
866 3493 905 3547 08)
922 3489 953 3538 Α·
1056 3491 1082 3536 ⁶·
1109 3503 1153 3551 qur
1171 3488 1294 3542 obierunt

154 3677 200 3741 ll,
225 3682 251 3730 1.
287 3680 498 3750 vituperationis]
526 3678 680 3732 Dicendum
728 3673 833 3727 circulis
855 3679 980 3724 narrent:
1008 3671 1055 3723 lroe
1076 3670 1155 3722 sobrii
1173 3671 1292 3739 loquun-

120 3743 211 3797 iuisso
251 3748 382 3800 irrisionis
425 3751 506 3801 docet
540 3746 680 3799 Graecum
729 3749 787 3805 w,
819 3740 1034 3793 *00‘3151'808
1060 3741 1206 3800 wulfwi,
1244 3742 1294 3795 1¹⁰⁶

121 3811 245 3875 σκῶμμα.
728 3811 830 3879 ignotis
847 3811 1024 3878 ingerunt,
1042 3809 1197 3876 becuminis
1219 3827 1292 3862 cosr-

154 3880 179 3925 3.
215 3879 334 3943 quivult
355 3898 480 3934 amoenus
501 3897 556 3934 csse
572 3880 679 3932 consul-
729 3881 847 3931 mittunt.

117 3947 160 3992 tor
193 3941 213 3992 i.
233 3960 257 3993 e.
281 3946 327 4010 qnl
349 3956 429 4013 grato
452 3948 532 4001 niodo
554 3948 679 4016 aliquem
765 3954 906 3998 extremum
941 3944 1115 3996 saecundiue
1154 3945 1292 4013 domnum]

117 4016 179 4059 vot
206 4009 389 4080 interrogare.
425 4017 469 4068 cl.
495 4020 511 4081 5
532 4021 559 4067 5.
585 4035 678 4070 eonsu-
731 4015 792 4068 ild.
809 4018 866 4065 not.
885 4013 921 4066 ud
938 4012 984 4076 lv,
1004 4016 1028 4074 l,
1051 4015 1076 4062 1.

117 4076 183 4130 lenti
203 4085 231 4130 et
250 4078 305 4129 rid.
324 4083 453 4149 prolagg.
474 4101 499 4150 p.
518 4101 592 4136 surr.
765 4083 887 4133 nuscitur
914 4081 1036 4132 inscitius
1064 4078 1192 4145 proditio]
1224 4078 1241 4130 i.
1267 4097 1291 4133 e.

152 4163 221 4212 quoe
246 4148 403 4217 didicerunt]
430 4151 489 4203 b'id.
515 4158 571 4202 not.
597 4151 631 4202 ad
649 4151 680 4213 ,l,
732 4150 776 4211 lit,
803 4156 833 4199 ut
852 4147 914 4215 quis
938 4148 999 4213 lpse
1021 4147 1122 4213 produt
1148 4145 1291 4199 inscitiam

116 4213 165 4275 111,
188 4218 241 4279 11..
268 4215 314 4266 nbi
337 4217 383 4266 bie
401 4219 478 4268 locus
498 4226 558 4270 crat
577 4218 679 4268 adden·
732 4233 820 4269 sunm.

117 4279 178 4330 diss.
765 4284 941 4347 infortunium
973 4280 1083 4347 pudoris
1117 4281 1168 4348 sui]
1209 4280 1226 4331 i.
1265 4298 1290 4333 e..

151 4364 178 4410 ⁶·
213 4366 258 4431 qui
275 4367 452 4434 contugerit]
480 4368 554 4420 utrm
572 4366 679 4419 imm„
730 4353 802 4416 quod
833 4350 860 4401 in
887 4365 948 4401 eum
977 4348 1075 4400 incidit
1100 4350 1291 4401 calamitatem

114 4420 161 4476 cr.
179 4426 244 4479 sen,
263 4431 297 4482 (10
316 4431 543 4494 mmmm
565 4436 679 4500 Qqum
730 4424 762 4468 ut
778 4434 823 4469 res
840 4416 894 4468 sibi
913 4415 1013 4482 pudori
1031 4415 1076 4467 sit.
1097 4415 1238 4481 ct.c.a,§
1252 4421 1291 4467 ll.

37 4462 264 4650 'winsi
300 4499 371 4563 quod
401 4499 530 4552 dederuut
561 4502 679 4551 omnibus
763 4497 917 4561 consulenti]
936 4497 995 4548 l'id.
1015 4504 1070 4549 not.
1088 4498 1122 4549 sd
1142 4500 1158 4561 s
1177 4504 1203 4549 a.
