2812 5242
319 397 681 465 SATURNALIORUM
705 399 781 462 LlB.
805 399 875 462 Vll.
903 398 994 463 CAP.
1018 401 1052 463 V.
1207 403 1270 469 583

99 567 269 631 Videturne
292 565 378 629 vobis
402 566 540 630 ciborum
564 565 621 629 istu
642 565 828 650 simplicitas,
849 565 902 629 ubi
924 573 970 630 tot
985 578 1202 635 enumerantur
1222 573 1268 636 vel

97 652 223 716 arbusta
240 649 286 715 acl
304 650 427 713 frutices
445 671 507 714 non
526 650 627 713 minus
648 670 723 715 suco
741 650 859 714 diversa
876 671 967 733 quam
986 653 1129 716 nomine?
1174 655 1268 731 Quod
1280 655 1321 726 1⁰

97 745 200 801 autem
228 756 290 798 non
318 733 436 797 facilius
463 736 577 800 morbis
611 734 751 800 homines
777 755 868 818 quam
902 737 1035 819 pecudes
1069 747 1268 822 occupentur,

97 823 234 887 Homero
259 828 335 884 testo
357 827 520 884 contentus
543 841 623 895 sum,
655 820 708 904 qui
728 819 926 904 pestilentiam
948 821 1038 886 refert
1060 843 1077 885 a
1098 823 1267 907 pecudibus

97 906 287 970 inchoatam:
309 904 433 988 quando
451 905 585 980 morbus,
606 913 769 990 autequam
793 904 823 967 iu
840 904 978 969 homines
997 916 1101 990 posset
1120 907 1265 991 inrepere,

95 990 213 1056 facilius
236 990 331 1072 captis
355 989 515 1085 pecoribus
542 989 688 1055 incubuit.
733 989 791 1054 Sed
816 998 848 1052 et
877 998 991 1073 quauta
1015 991 1055 1055 sit
1083 991 1175 1056 mutis
1200 994 1312 1063 ani-ll

97 1076 226 1140 malibus
252 1073 410 1138 infirmitas
438 1073 516 1138 vitae
540 1074 671 1139 brevitas
693 1073 806 1139 indicio
829 1082 883 1138 est.
928 1075 1020 1153 Quod
1050 1076 1130 1140 enim
1156 1097 1263 1141 eorum

96 1162 209 1245 quibus
236 1159 344 1224 notitia
371 1158 459 1222 nobis
489 1158 518 1222 io
543 1180 601 1223 usu
629 1167 676 1224 est
703 1167 805 1244 potest
831 1179 927 1223 annos
953 1159 1084 1225 hominis
1111 1165 1264 1244 aequare?

96 1246 154 1310 nisi
179 1264 316 1308 recurras
337 1242 415 1307 forte
436 1243 474 1307 ad
496 1263 548 1319 ea,
580 1264 660 1328 quae
684 1242 723 1308 de
748 1244 846 1307 eorvis
866 1252 958 1328 atque
983 1245 1154 1311 cornicibus
1178 1245 1263 1311 fabu-

96 1330 161 1393 losa
187 1329 345 1404 dicuntur,
376 1349 455 1412 quos
477 1335 579 1392 tamen
603 1327 741 1398 videmus
760 1328 903 1392 omnibus
928 1328 1044 1395 inhiare
1065 1330 1263 1395 cadaveribus

95 1412 308 1496 universisque
331 1412 498 1477 seminibus
516 1412 666 1489 insidiari,
694 1412 977 1477 fructus'arborum
1000 1415 1159 1499 persequi:
1192 1436 1263 1480 nam

95 1520 160 1565 non
184 1497 284 1562 minus
311 1497 468 1562 edacitatis
491 1498 604 1562 habent
625 1518 716 1582 quam
738 1497 776 1560 de
798 1497 999 1580 longaevitate
1024 1519 1130 1565 eorum
1158 1499 1263 1582 opinio

96 1582 259 1649 fabulatur.
302 1580 487 1658 Secundum,
508 1582 532 1647 si
556 1583 633 1647 bene
655 1581 807 1656 recordor,
825 1582 996 1664 exemplum
1017 1593 1063 1648 est
1082 1583 1181 1648 solere
1200 1588 1314 1651 nro-12

97 1667 183 1734 dicos
200 1666 298 1750 aegris
316 1666 482 1751 simplicem
506 1667 608 1731 eibum
630 1667 753 1743 offerre,
787 1688 849 1729 uon
868 1666 999 1730 varium:
1027 1688 1097 1733 cum
1116 1667 1197 1731 bunc
1218 1667 1262 1732 of-

94 1752 213 1828 feratis,
239 1759 275 1815 ut
293 1751 419 1836 opinor,
441 1768 503 1814 non
524 1752 611 1836 quusi
635 1750 754 1835 digestu
774 1749 958 1826 faciliorem,
979 1751 1031 1815 sed
1053 1751 1140 1835 quasi
1163 1751 1264 1817 ruinas

95 1836 315 1922 adpetendum,
345 1846 381 1901 ut
410 1835 538 1901 horrore
567 1835 727 1903 uniformis
761 1834 921 1899 alimoniae
945 1835 1053 1899 edendi
1080 1835 1263 1901 desiderium

93 1924 310 2007 languesceret,
332 1921 420 2006 quasi
442 1921 546 1987 multis
567 1919 795 2006 concoquendis
815 1940 868 2003 per
888 1919 1095 1985 infirmitatem
1119 1942 1180 1984 non
1202 1920 1263 1984 suf-

94 2009 216 2073 ficiente
237 2015 354 2073 natura.
399 2006 488 2083 ldeo,
520 2007 545 2071 si
569 2007 638 2092 quis
659 2003 898 2090 aegrescentium
920 2005 965 2070 vel
987 2003 1025 2070 de
1047 2004 1114 2089 ipso
1135 2004 1264 2089 simplici

894 2189 964 2240 Eun.
983 2187 1197 2257 sieubgspdsb.]

94 2279 163 2329 lllss.
192 2303 225 2316 -
251 2276 323 2327 uobis
347 2291 401 2326 our.
419 2274 471 2326 lta.
501 2301 532 2312 -
561 2275 737 2326 discretioni.
756 2275 808 2324 lla
916 2277 955 2324 lt).
985 2272 1107 2339 diomero]
1127 2269 1203 2334 rtet,
1220 2276 1263 2323 66.

97 2372 123 2383 -
141 2344 264 2410 irsriperc
277 2343 308 2392 Ρ.
415 2345 455 2393 ll.
477 2342 575 2393 multis
590 2340 881 2395 auresue-zuene.
899 2339 1114 2407 ‚‚ldspressiurue
1128 2340 1265 2407 Steplrsni

95 2417 123 2462 et
143 2427 225 2477 qrraur
245 2407 401 2460 inseniusus
420 2408 554 2475 scripturn
575 2409 732 2460 lectionem.
769 2409 826 2460 b'un
847 2407 961 2474 orrrbigo
980 2415 1085 2469 tauron,
1113 2407 1178 2474 qrrin
1198 2423 1265 2458 ouu-

95 2479 201 2531 rurcrit
218 2476 377 2526 Macrobius
396 2477 482 2527 mutis
499 2477 672 2526 uulmullburr
691 2477 827 2542 quomodo
845 2475 931 2527 etium
954 2474 1092 2523 editiones
1111 2474 1263 2525 retustac.“

95 2545 176 2597 Pout.
211 2543 349 2609 „Comige
365 2549 517 2608 praeeunte
534 2543 576 2595 ed.
596 2551 650 2594 set.
665 2546 772 2595 nentis.“
792 2544 876 2593 'Lenn-
893 2570 924 2580 ·-
948 2542 985 2591 de
1003 2541 1095 2607 quibus
1113 2542 1165 2591 ns.
1183 2567 1218 2579 -
1235 2540 1264 2593 iss

93 2617 229 2672 uentum.
250 2613 301 2674 est)
320 2610 350 2662 P.
376 2637 408 2649 -
435 2628 513 2677 quum
533 2611 607 2676 long.
624 2617 692 2671 (osu.
709 2612 755 2673 de)
773 2611 824 2663 ΙΙΙ.
929 2612 968 2659 12.
999 2607 1218 2675 secundamus.
1236 2624 1262 2658 ο.

94 2684 121 2743 4,
138 2683 154 2744 5
170 2685 195 2730 6.
223 2678 297 2729 Plut.
313 2679 331 2728 l.
349 2694 372 2728 c.
390 2706 421 2714 -
445 2679 539 2729 solent
558 2679 657 2729 uredies'
674 2676 702 2728 S.
719 2705 752 2716 -
767 2695 829 2745 pro
848 2677 1009 2743 infirmitate
1026 2694 1049 2726 v.
1071 2703 1098 2711 -
1119 2675 1263 2727 subductis

93 2849 245 2924 γεννωμένη
273 2848 302 2904 ἐν
327 2849 489 2918 tensaurum
518 2849 564 2902 seut
589 2867 655 2916 epu·
705 2869 761 2904 cum
792 2853 929 2917 sopiatur,
957 2855 986 2900 et
1016 2847 1088 2917 apud
1117 2848 1264 2910 Senecam,

93 2918 152 2990 χέοι
173 2914 280 2979 τόποις,
307 2912 390 2983 ὁμοία
410 2914 507 2982 θύμω,
535 2912 656 2969 ἐλάσσων
704 2917 832 2985 quamvis
850 2935 935 2985 saepe
958 2919 985 2969 in
1009 2934 1054 2982 ep.
1073 2919 1128 2967 12⁴.
1151 2916 1264 2984 legatur

91 2985 186 3055 μέντοι
202 2986 249 3038 sul
265 2980 437 3051 ἁπαλωτέρα,
451 2969 575 3051 φὲρουσα
591 2979 654 3035 oed-
704 2995 778 3037 mutu
796 2987 934 3047 orsimnlia,
953 2992 1046 3037 taurea
1064 2987 1136 3048 §²¹-
1154 2984 1183 3034 in
1202 2983 1263 3035 cod.

92 3072 144 3123 pes
161 3047 269 3114 ἄνθους
290 3049 391 3119 μεστὸν
415 3048 557 3118 ἔγχλωρον.
590 3050 653 3103 Sal·
704 3052 804 3104 Bnmb.
823 3060 866 3104 est
888 3052 1019 3103 mendum
1041 3069 1059 3102 o
1081 3051 1180 3102 multis
1200 3051 1262 3102 uni·

92 3139 163 3175 usos.
183 3122 216 3172 de
235 3122 346 3172 bomon.
366 3137 390 3170 e.
408 3123 442 3169 36
461 3127 532 3170 extr.
703 3122 832 3182 ruatibus,
861 3126 888 3171 et
905 3122 921 3181 ἓ
940 3123 982 3169 22
1003 3118 1076 3168 idern
1097 3117 1124 3167 in
1144 3133 1197 3167 uno
1216 3133 1262 3169 co-

128 3194 168 3240 10.
204 3186 366 3253 inchoatam]
393 3188 452 3238 lluc
472 3185 652 3253 participium
704 3187 766 3239 dico
786 3186 917 3238 Vaticano
935 3191 963 3234 et
979 3184 1007 3236 io
1026 3183 1236 3249 ltcbrligeruuo.

93 3257 165 3309 nlius
189 3255 215 3306 ei
238 3258 311 3309 solet
334 3254 437 3321 opponi
456 3255 528 3320 quud
547 3254 657 3320 perfec·
741 3271 809 3320 quoe
835 3254 868 3302 de
896 3251 982 3301 coreis
1006 3260 1086 3316 etque
1119 3250 1264 3301 cornicibus

95 3333 153 3377 turn
172 3323 217 3371 sit.
702 3322 830 3385 sabuloso
851 3318 984 3380 dicuntur]
1016 3315 1185 3369 Plutarchus
1204 3317 1222 3367 Ι.
1242 3334 1265 3367 r.

126 3390 238 3454 facilius
260 3389 356 3453 captis]
384 3388 402 3438 i.
420 3405 445 3437 e.
469 3403 540 3451 quus
559 3387 656 3436 morbo
708 3388 793 3437 babet
810 3393 915 3436 tanturn
937 3380 1014 3448 Πλὴν
1036 3384 1062 3434 εἰ
1076 3383 1145 3449 φαίη
1163 3402 1203 3443 τις
1220 3381 1264 3434 κό-

95 3455 209 3506 fucilius
230 3454 424 3513 afflicerentur,
443 3454 504 3515 vel,
523 3460 554 3504 ut
571 3468 657 3518 supr-u
705 3470 780 3518 pana
798 3447 993 3515 salsensium.
1025 3451 1069 3502 cl.
1087 3451 1160 3502 Plin.
1178 3452 1209 3502 Ν.
1228 3451 1264 3500 Η.

96 3522 209 3585 alciun,
226 3520 610 3581 ucrrrpurenturPlutarchus
630 3538 656 3585 p.
709 3521 767 3584 vlt,
784 3523 825 3568 46.
841 3535 864 3569 s.
882 3521 924 3567 49.
946 3519 1115 3570 Hesiodus..
1133 3519 1264 3580 fabulose,

94 3594 155 3641 662.
173 3588 218 3638 Fu
240 3583 282 3637 Τὰ
300 3583 407 3650 λοιμικὰ
423 3582 504 3651 πάθη
520 3585 656 3649 πρῶτον
707 3596 735 3638 ut
756 3603 820 3648 reor,
837 3587 921 3635 mrrltu
941 3586 974 3635 de
989 3587 1120 3637 bominum
1139 3603 1204 3636 aeuo
1221 3602 1264 3636 ro·

95 3651 272 3707 ἃπτεοθαι
296 3653 352 3704 τῶν
376 3647 483 3718 ἀλόγων
501 3646 655 3718 duumuiro—
701 3658 806 3718 sereres,
836 3653 964 3702 cornici
987 3670 1077 3702 novem
1094 3659 1199 3702 nostrus
1219 3660 1264 3702 ut-

94 3740 184 3790 μενος.
706 3721 796 3771 tribuit
813 3727 923 3779 aetates,
938 3720 1116 3784 quadruplum
1135 3719 1191 3768 eius
1208 3734 1264 3766 ecr-

128 3790 266 3857 peeoribun
283 3785 411 3850 incubuit]
436 3784 530 3838 Novus
548 3785 655 3838 esthic
705 3788 760 3845 oie,
789 3787 816 3834 id
847 3787 1008 3853 triplicatum
1035 3785 1155 3835 cereis.
1190 3783 1265 3833 Hur-

96 3855 278 3910 sulcaverat
296 3870 372 3904 treus·
707 3853 808 3904 doinus
826 3852 982 3903 adnotavit:
1006 3850 1057 3911 „ln
1075 3866 1159 3914 opere
1176 3866 1210 3899 ex
1229 3849 1265 3899 iis

131 3930 170 3976 ll.
204 3925 284 3974 mutis
310 3919 480 3984 animalibus]
509 3920 654 3981 ‚,Geners·
706 3920 889 3984 sliquoqrrau
908 3918 1136 3969 interciderunt.⁸‘

96 3992 147 4042 tim
165 3997 241 4041 notul
260 3988 287 4039 in
308 3987 479 4038 animalibus
503 3988 592 4037 brutis
614 3987 656 4037 ri·
741 4003 821 4054 pssum
840 3987 872 4036 dc
891 3985 1072 4053 longaevitate
1094 3999 1182 4034 corum
1205 3984 1264 4050 opi-

97 4063 143 4110 tne
182 4057 367 4116 brevitatem,
408 4053 555 4119 speciatim
591 4070 657 4103 sero
707 4054 752 4105 nio
773 4050 928 4117 fabulatur]
965 4052 1043 4102 llaec
1072 4064 1169 4115 parurn
1200 4066 1266 4099 curs-

95 4125 168 4191 quod
185 4125 220 4174 do
238 4122 330 4172 corsis
348 4126 376 4171 et
395 4120 554 4172 cornicibus
571 4121 659 4171 obiici
708 4129 813 4185 pessunt
839 4137 902 4170 eum
932 4118 967 4168 iis
992 4132 1064 4181 quae
1090 4117 1266 4166 antecedunt.

97 4191 188 4259 possit
216 4189 313 4239 obviet
348 4187 393 4237 his
425 4189 522 4239 statim
550 4188 657 4239 vorbis:
709 4188 862 4238 Dicendum
881 4191 955 4236 erut:
982 4201 1059 4250 quem
1075 4185 1267 4245 longaevitatis

100 4259 161 4310 Nisi
178 4274 297 4306 recursus
316 4259 388 4305 cet.“
412 4257 498 4307 Pons,
521 4281 555 4294 -·
580 4255 655 4320 (36.6
708 4261 755 4315 (ut
783 4256 953 4305 retineamus
979 4250 1032 4300 boc
1058 4243 1133 4313 ἅπαξ
1161 4246 1268 4330 λεγόμε-

98 4331 124 4376 7.
155 4323 213 4375 Nou
234 4340 277 4372 me
298 4324 477 4387 movetquod
503 4323 532 4374 iu
557 4323 658 4388 pleris-
707 4327 789 4385 νον),
809 4323 832 4372 si
849 4319 1096 4383 eudimuslnbutnn
1113 4317 1267 4369 selsrmile

97 4408 152 4457 que
169 4392 248 4440 codd.
269 4390 374 4450 legitur
390 4391 487 4442 multis.
525 4388 594 4440 Nam
613 4389 658 4440 ecl
709 4389 785 4454 quid.

97 4460 126 4511 in
155 4458 260 4522 optimo
288 4457 373 4508 Plinii
402 4458 498 4509 codice
524 4456 660 4509 Bombos·
746 4458 786 4505 12.
831 4472 888 4504 cum
925 4452 1054 4568 pfferotis]
1088 4447 1270 4512 Intelligendi

98 4526 181 4591 gensi
216 4525 243 4574 in
277 4525 428 4576 summario
460 4523 529 4577 libri
560 4522 592 4574 N.
625 4523 660 4574 ll.
710 4521 904 4573 suntmedici.
942 4515 1270 4569 ltitrrruutemsceundu

99 4593 214 4646 xxttll.
251 4592 370 4658 legitur:
409 4594 457 4642 Ubi
489 4608 542 4641 non
574 4591 661 4641 multi
711 4604 831 4654 personn
849 4587 1023 4645 Erretatlrius,
1038 4582 1104 4648 quio
1123 4580 1271 4647 respondet

99 4662 171 4722 (sint
190 4661 313 4726 pisces),
337 4674 407 4722 quoe
423 4664 517 4710 minen
535 4658 662 4707 referun-
714 4654 823 4707 llisuriu
843 4653 960 4705 medico.

101 4738 146 4782 tur
171 4729 205 4780 ud
232 4744 253 4778 s.
278 4730 303 4775 9.
330 4727 427 4776 rerba:
451 4726 580 4792 grunnire
604 4740 661 4777 eum
747 4723 823 4788 quusi
852 4759 875 4772 ..
907 4737 958 4769 nen
986 4717 1133 4781 sufficiente
1161 4714 1269 4778 nature]
