2812 5242
165 136 230 205 280
644 128 855 195 lllAGROBll

292 304 405 390 Terque
425 322 518 367 uocas
541 299 655 363 circum
673 300 750 384 [eliu
771 312 818 365 eat
837 299 934 364 ucetia
952 299 1063 384 fruges.

133 391 367 459 80hservatum
399 394 446 451 cst
468 406 485 447 a
508 382 746 451 sacrificantibus
772 392 822 461 ut,
849 384 873 447 si
898 383 997 447 hostia
1019 402 1098 468 quae
1120 382 1159 447 ad
1185 404 1254 449 aras
1281 384 1337 451 du-

163 486 283 543 ceretur
312 474 418 537 luisset
451 468 661 534 vehementius
693 471 840 535 reluctata
870 469 1115 552 ostendisselque
1146 490 1179 534 se
1213 470 1337 535 inuitam

163 561 309 627 altaribus
328 555 491 631 admoveri,
510 564 718 631 amoveretur,
761 555 813 619 uia
838 554 933 619 inuito
954 555 1013 619 deo
1035 554 1137 618 offerri
1160 576 1227 619 oum
1249 564 1337 641 puta-

163 649 245 714 bant.
290 644 380 723 Quae
409 648 511 705 aulem
549 641 683 705 stetisset
709 576 828 718 adiuta,
866 640 944 705 hanc
979 639 1091 705 rolcnti
1121 640 1241 705 numini
1273 641 1338 706 dari

166 730 377 797 aestimabant.
418 725 499 790 llinc
521 732 641 790 noster:

294 816 332 877 Et
354 814 458 876 deictus
478 832 574 875 cornu
591 812 679 875 studit
700 832 784 875 sacer
805 812 908 873 lu'rcua
933 810 974 873 ad
994 831 1075 887 aras,

116 908 201 987 tieret
221 898 307 963 alibi:
341 900 379 961 ls't
397 908 525 960 statuum
545 906 613 961 aute
633 917 704 961 urus
727 907 837 961 aurata
854 899 953 979 [route
975 895 1139 960 iuuencum.

136 985 255 1053 llddeo
286 990 388 1047 autem
417 1000 538 1045 omnem
569 981 711 1064 pictatem
744 980 775 1045 in
806 979 962 1043 saeriliciis
992 999 1071 1063 quac
1097 980 1144 1044 dis
1171 978 1341 1045 exhibenda

165 1078 238 1135 sunt
270 1069 371 1153 ponit,
403 1075 439 1129 ut
465 1073 589 1150 propter
613 1066 796 1130 contrariam
826 1085 948 1129 eausam
973 1064 1161 1129 Mezentium
1189 1066 1341 1131 vacaverit

165 1163 407 1238 contemptorem
431 1151 568 1214 deorum.
605 1152 713 1235 Neque
736 1150 827 1226 enim,
850 1159 885 1214 ut
906 1155 1007 1234 aspro
1030 1150 1159 1225 ridetur,
1180 1150 1250 1215 ideo
1269 1174 1338 1217 cuu-

165 1252 290 1337 temptur
310 1240 412 1302 dr'eruu
436 1235 535 1299 dietus
560 1244 620 1313 est,
641 1235 726 1321 quod
747 1236 812 1300 sine
834 1243 973 1319 respectu
995 1235 1122 1300 deorum
1147 1235 1178 1298 in
1200 1234 1340 1301 homines

167 1324 268 1410 inpius
288 1323 390 1388 luerit:
410 1320 546 1405 alioquin
566 1322 663 1386 mullo
685 1321 781 1405 magis
803 1321 861 1385 lroc
881 1320 918 1384 dc
935 1319 1077 1384 Busiride
1096 1320 1230 1397 dixisset,
1248 1342 1339 1405 quern

120 1410 255 1493 lolongc
277 1407 477 1473 crudeliorem
504 1408 692 1471 inlaudatam
714 1426 837 1471 vocasse
860 1413 1021 1470 contentus
1046 1414 1102 1470 est.
1152 1406 1212 1470 Sed
1238 1427 1338 1473 reram

168 1495 259 1560 huius
288 1490 547 1559 contumacissimi
575 1491 707 1557 nominis
735 1512 857 1555 eausam
887 1490 917 1553 in
945 1490 1043 1576 primo
1072 1490 1150 1555 libro
1177 1490 1339 1575 Originum

168 1578 295 1646 Catonis
316 1579 443 1661 diligens
465 1576 561 1641 lector
584 1576 724 1642 inueniet.
765 1576 819 1640 att
839 1576 920 1639 enim
943 1577 1122 1641 Mezentium
1141 1577 1262 1641 Rutulu
1284 1580 1340 1642 im-

162 1687 286 1753 perasse
311 1677 343 1728 ut
368 1665 426 1728 eidi
450 1663 589 1749 offer-rent
612 1686 686 1749 quus
711 1663 758 1726 dis
782 1663 935 1761 priruitius
962 1663 1136 1749 asserebant,
1163 1674 1189 1727 et
1215 1663 1341 1728 Laeuos

168 1774 267 1817 omues
287 1751 392 1814 sirudis
413 1749 535 1833 e'rupcrii
553 1762 631 1813 metu
654 1750 695 1812 ita
721 1769 851 1812 cautere:
884 1769 1049 1823 reuersus,
1086 1770 1113 1810 sa
1146 1768 1213 1810 arar
1245 1770 1341 1812 naara

169 1859 259 1900 coam
281 1858 338 1898 use
365 1857 422 1897 nos
453 1855 494 1895 aa
526 1854 592 1896 arar
619 1855 702 1895 nana
730 1854 844 1896 rarius
873 1855 962 1908 orrea
987 1854 1163 1907 armauere,
1197 1854 1251 1895 um
1282 1856 1340 1897 uos

122 1926 319 1989 llrrcroaas
347 1940 469 1982 rueras.
517 1917 599 2002 Ergo
630 1917 715 2003 quad
735 1918 852 1982 divinos
875 1917 1006 1982 honores
1027 1917 1084 1982 sibi
1106 1926 1254 2001 exegerat,
1277 1939 1340 1983 me-

170 2006 229 2068 rito
256 2005 355 2068 dietus
384 2011 470 2067 csta
499 2003 626 2088 Virgilio
658 2011 850 2090 contemptor
880 2002 1016 2067 deorum.
1055 2002 1135 2068 llinc
1154 2003 1204 2088 pia
1225 2004 1275 2069 illa
1296 2004 1341 2067 in·

170 2088 295 2154 saltatio
320 2087 501 2152 sacerdotis:

373 2212 412 2221 —-
436 2174 518 2238 llaec
537 2184 606 2239 suut
625 2174 722 2260 spolia
745 2184 771 2238 et
792 2173 829 2237 de
850 2194 917 2259 rege
938 2173 1065 2259 superba

295 2260 461 2335 Primitiae,

169 2352 205 2409 ut
238 2346 361 2410 nominc
394 2342 606 2411 contumaciae
639 2343 688 2407 cui
725 2362 839 2429 poenas
871 2341 928 2407 luit
958 2350 1059 2428 raptas
1089 2341 1127 2406 dc
1156 2363 1192 2407 eo
1223 2350 1344 2408 notaret

168 2450 300 2495 caumas.

237 2630 317 2696 [sris.
336 2628 464 2680 nanus.

168 2714 345 2766 uehementius
365 2717 488 2762 retenta
511 2708 541 2757 Ρ.
565 2734 600 2747 -·
624 2708 761 2760 admoveri
783 2714 852 2770 (am.
872 2712 1051 2773 amoveretur)
1071 2711 1101 2762 P.
1135 2714 1272 2764 admoneri
1293 2713 1342 2765 ab·

169 2789 310 2833 asseretur
330 2794 355 2827 v.
378 2804 413 2815 -
431 2776 632 2827 existimabant
649 2776 751 2843 Sv-gu.
769 2803 800 2815 -
822 2779 858 2829 lit
875 2777 978 2843 dactus]
998 2777 1100 2843 Georg.
1117 2779 1154 2840 ll,
1171 2784 1231 2831 395.
1248 2807 1283 2820 —
1306 2782 1344 2833 lu

170 2846 298 2911 stateram]
325 2847 392 2895 Aen.
418 2843 469 2901 lx,
491 2847 552 2893 627.
586 2870 609 2880 -
641 2844 786 2895 irrumceria
807 2844 841 2895 (l.
943 2848 969 2894 9.
993 2847 1090 2911 posuit
1114 2847 1194 2911 mgis.
1222 2847 1343 2913 „ltaclm

169 2914 236 2979 qaia
254 2912 381 2978 seqnitur
398 2912 561 2962 vacaverit.“
578 2910 663 2962 Zsan.
682 2938 716 2949 -
741 2911 914 2963 invocaverit
929 2910 958 2961 S.
991 2920 1109 2964 uacaret
1130 2929 1155 2964 r.
1176 2917 1344 2969 -enimet

169 2989 199 3032 ast
220 2983 263 3029 vl.
295 3007 320 3015 -
354 2982 463 3045 Aspero
485 2983 576 3030 vas-s.
615 2980 720 3046 ltaapra
746 2978 803 3030 lte
824 2997 849 3045 u.
869 2995 906 3029 ιιι.
934 3005 966 3016 -
997 2979 1167 3046 contemptae]
1193 2981 1261 3033 Aen.
1281 2982 1341 3047 l'll,

169 3050 230 3097 aaa.
256 3074 290 3086 -
316 3047 423 3113 alioqui
448 3063 505 3115 c-g.
529 3075 562 3086 -
586 3046 766 3115 inlaudatam]
781 3046 885 3114 lie-arg.
903 3045 953 3101 lll.
968 3050 994 3096 ts.
1099 3052 1138 3098 10,
1166 3050 1205 3100 ila
1223 3066 1342 3103 uocum

169 3114 251 3181 p2ds.
276 3114 345 3173 „Ed
366 3122 419 3165 vcta
440 3123 514 3165 recte
532 3115 634 3167 uouisse
652 3130 736 3165 sensa
757 3115 947 3182 pessinuntef‘
966 3115 1050 3165 ann.
1078 3141 1110 3152 -
1142 3117 1297 3185 Oiuppiter
1313 3118 1341 3169 S.

169 3208 203 3220 —
221 3195 304 3232 urar
324 3182 379 3231 s-ls.
485 3186 523 3232 ll.
553 3184 639 3234 dictus
657 3188 725 3242 (nm.
743 3188 795 3243 est)
815 3182 849 3233 G.
878 3210 904 3221 —
931 3182 1015 3249 llaec]
1035 3182 1100 3233 den.
1117 3182 1166 3249 Xl,
1187 3188 1226 3236 15.
1245 3212 1276 3225 -
1293 3203 1342 3238 aa·

169 3249 241 3301 mini
258 3249 285 3297 la.
306 3278 340 3288 -
363 3250 448 3300 euius
467 3248 543 3300 i-lsl'.
562 3278 593 3288 -
611 3266 687 3319 penu
704 3248 733 3301 S.

171 3452 249 3487 cam:
280 3436 665 3489 Lustrarelrieeireumiree
686 3437 729 3487 di·
775 3437 874 3505 sugit
897 3439 930 3487 ab
952 3440 1135 3491 ara'l'aueas.
1171 3438 1340 3491 ultum·

170 3504 240 3555 eitur
258 3505 326 3554 enim
342 3506 495 3555 ambaruale
511 3506 678 3572 sacrficium.
781 3519 874 3555 maun.
902 3506 1010 3557 llandls.
1037 3508 1062 3559 d.
1089 3508 1209 3575 gattesd.
1233 3508 1288 3558 ΑΙῑ.
1313 3506 1339 3557 d.

204 3592 229 3637 ⁸.
256 3588 342 3638 laustia
361 3604 429 3654 quae
446 3589 482 3638 ad
500 3605 564 3639 aeas
582 3588 729 3654 duceretur]
782 3573 831 3624 Gr·
850 3574 928 3652 §.²⁸2
946 3578 971 3624 5·
1144 3642 1150 3651 ¹

171 3654 295 3717 „Daeere
316 3656 450 3705 seslcmnia
475 3656 502 3705 in
528 3672 562 3706 ea
585 3673 614 3706 rc
632 3656 730 3715 ateste,
814 3645 839 3690 9·
874 3640 1054 3707 inlaudatam]
1074 3640 1271 3701 omnium·

170 3729 198 3772 et
223 3723 363 3773 reddenda
385 3723 512 3774 lureaali
528 3724 585 3774 Sat.
603 3724 665 3782 llll,
684 3722 730 3790 [a]
816 3726 855 3772 10.
892 3726 1113 3775 contumacissimi
1135 3719 1256 3783 numinis]
1276 3720 1294 3771 i.
1312 3737 1338 3772 c.

174 3790 284 3840 lliaeam
313 3792 426 3859 reginae
450 3793 600 3842 ducimus
628 3808 730 3859 aguam
781 3790 903 3841 nominis
929 3792 1001 3857 quod
1028 3790 1167 3841 hominem
1194 3796 1339 3841 coutuma-

170 3872 203 3905 ex
233 3857 339 3971 scrggrtn
368 3866 471 3912 nostro.
518 3858 606 3925 l'ulgo
639 3858 729 3908 caedi·
781 3856 928 3975 ciszigsum
948 3857 1118 3975 significet..
1158 3921 1231 3990 Nn
1264 3924 1287 3974 F
1321 3930 1333 3975 ι

168 3928 258 3973 mus.“
300 3940 364 3973 ow.
841 3927 928 3976 ainos
952 3964 976 3977 ..
996 3926 1036 3976 ia
1058 3940 1159 3975 uouisse
1231 3962 1237 3975 .
1289 3942 1341 3977 es.

205 4004 296 4069 ernau]
322 4004 364 4053 cr.
388 4004 465 4056 sav.
491 4007 525 4056 aa
551 4007 626 4059 nnnc
649 4008 731 4074 νειμ.
780 3993 854 4073 aaut
875 3993 960 4073 Paul,
976 3992 1025 4043 ¹1¹³-
1044 3991 1135 4073 llll,
1153 3996 1256 4073 r·‚²⁶⁵·
1283 3994 1341 4046 uu-

171 4085 298 4120 versnm:
351 4072 498 4125 Placenti
577 4076 650 4125 Tm
692 4084 731 4127 ω
780 4068 847 4111 steca
873 4060 1042 4112 uenalia
1073 4061 1142 4111 lausa
1166 4060 1222 4113 dees
1244 4064 1341 4127 festus,

170 4138 238 4187 enim
255 4144 346 4203 aptum
362 4142 528 4203 sacrficium,
546 4160 605 4193 cum
622 4143 730 4193 dedica.
782 4128 846 4194 qaia
867 4128 980 4179 tarint
997 4128 1091 4179 bellum
1108 4138 1229 4197 gerentes
1244 4130 1341 4180 aduer-

170 4212 225 4255 tam
244 4206 345 4256 aerimal
365 4208 488 4258 victimae
503 4210 610 4274 patiens
628 4211 731 4260 inueni·
782 4210 827 4245 Μ
849 4194 1045 4248 Mfflt'lt'tffl
1062 4198 1146 4248 mult
1163 4198 1219 4248 vim*
1234 4198 1341 4249 libatio·

169 4281 228 4323 m.-
259 4274 330 4323 tenue
357 4281 381 4324 u
409 4276 474 4325 arene
499 4276 576 4341 [aen.
603 4275 654 4336 ue,
671 4280 732 4327 aar.
781 4278 840 4313 ue·-
858 4264 883 4313 a·
901 4264 949 4313 τίω
969 4265 1166 4315 dedicaverunt·

169 4341 218 4391 out
245 4339 300 4391 vid.
329 4341 419 4409 Seraz]
451 4344 488 4394 sic
515 4344 569 4395 ait:
605 4344 639 4395 tle
666 4352 732 4394 sta·
822 4348 861 4394 ll.
896 4344 957 4411 luit]
988 4346 1117 4407 Turnus,
1151 4360 1232 4411 quem
1267 4342 1341 4408 apud

169 4414 242 4457 taam
261 4444 285 4458 ..
313 4410 331 4458 ι’.
350 4427 371 4460 e.
389 4412 498 4483 plaeere
510 4412 626 4474 faciam.
663 4412 733 4462 Cau·
783 4410 935 4478 Virgilium
965 4412 1136 4465 Mezentium
1166 4425 1246 4462 snam
1280 4426 1343 4461 essa

170 4478 213 4524 tea
236 4476 360 4528 Lucanus
387 4476 462 4543 llll,
493 4477 577 4542 lutei:
608 4478 734 4531 Discussa
784 4478 855 4531 dicit
871 4477 988 4531 Aeneas.
