2812 5242
160 152 225 221 288
642 144 851 213 andnamt

129 322 250 387 deausa
276 317 351 381 haee
375 324 431 380 ost.
489 316 616 381 Veteres
645 314 763 380 nulium
787 314 899 379 animai
925 335 1045 379 serrum
1070 315 1101 379 in
1129 316 1241 384 finibus
1269 320 1333 385 auis

160 425 227 470 esse
251 401 459 487 patiebantur,
489 401 542 465 sed
564 400 727 485 abigebant
753 400 891 465 adfines
915 399 1042 465 deorum
1075 403 1188 486 quibus
1213 424 1332 469 sacrum

160 496 255 555 asset:
286 487 403 551 animas
430 506 503 551 aero
531 495 719 551 sacratorum
750 485 929 562 bominum,
964 506 1042 571 quos
1069 494 1085 527 *
1109 508 1200 553 zonas
1223 489 1334 555 Graeci

131 578 284 649 ivetam,
312 572 358 637 dis
380 571 498 636 debitas
520 573 729 637 aestimabant.
777 571 1046 650 Quemadmodum
1068 572 1160 657 igitur
1180 574 1265 659 quod
1286 596 1332 639 sa-

159 680 245 725 crum
268 658 305 722 ad
325 656 399 721 deos
421 656 502 741 ipsos
523 657 601 721 mitti
624 679 685 721 nou
714 664 832 741 poterat
868 676 885 719 a
913 677 946 719 so
973 664 1074 721 tumen
1098 657 1252 724 dimittere
1272 681 1333 724 non

159 744 356 819 dubitabant,
391 742 434 805 sie
455 742 588 818 animas,
622 763 699 826 quas
721 761 819 805 sacras
843 741 874 803 in
898 742 1015 805 eaelum
1040 741 1118 806 mitti
1142 765 1233 829 posse
1254 746 1332 811 arbi·

159 830 230 895 trati
263 836 345 904 sunt,
381 827 517 892 viduatus
551 847 678 911 corpore
713 846 804 909 quam
836 826 967 909 primum
1001 826 1044 891 ire
1077 827 1127 893 iiio
1160 830 1331 895 votuerunt.

131 916 305 1000 tiliisputat
335 913 373 976 de
401 911 460 975 boe
488 932 573 976 moro
602 911 693 975 etiam
720 910 880 974 Trebatius
905 910 1098 994 Religionum
1130 914 1208 979 iibro
1240 938 1332 991 nono,

160 1002 248 1066 ouius
271 997 454 1081 exemplum,
487 1017 525 1059 na
551 996 606 1058 sim
634 994 787 1080 prolixus,
819 995 916 1059 omisi.
961 996 1018 1061 Cui
1043 998 1127 1061 cordi
1154 1010 1200 1065 est
1225 1002 1332 1084 legere,

162 1086 235 1151 satis
255 1083 366 1147 habeat
386 1090 417 1144 et
435 1088 589 1144 auctorem
610 1089 640 1143 ot
661 1078 823 1143 voluminis
845 1080 981 1144 ordinem
1002 1103 1068 1147 esse
1090 1093 1302 1151 monstratum.

109 1190 162 1259 [ω]
247 1168 330 1231 Vlli.
386 1164 609 1231 Nonnuiiorum
648 1184 728 1249 quae
761 1164 960 1230 scientissime
996 1168 1112 1253 prolatu
1148 1180 1220 1235 sunt
1256 1172 1332 1236 maio

161 1250 347 1318 enuntiando
369 1249 594 1335 corrumpimus
617 1249 810 1333 dignitatem,
835 1258 870 1314 ut
892 1251 1016 1333 quidam
1036 1253 1156 1335 tegunt:

288 1335 414 1401 [incedo
436 1357 473 1400 aa
495 1336 617 1401 ducente
638 1337 694 1401 dea
709 1336 861 1421 Jiaaanam
881 1339 959 1402 nitier
978 1350 1004 1403 et
1022 1338 1118 1403 boatee

129 1512 229 1577 icum
250 1420 496 1601 iiidiiiiibiine
519 1502 645 1568 dixerit:
676 1505 798 1571 ducente
820 1506 888 1583 dea,
919 1527 980 1571 non
999 1508 1063 1573 dea.
1100 1508 1177 1574 Nam
1200 1516 1231 1574 et
1250 1508 1331 1596 apud

159 1592 285 1661 Calvum
309 1597 473 1657 Aterranus
496 1588 637 1655 adfirmat
659 1589 837 1677 legendum:

226 1789 307 1858 [nn.
326 1788 453 1841 raons.

158 1876 206 1927 baa
226 1874 259 1925 G.
284 1900 319 1913 -
344 1890 447 1923 eaerum
468 1878 543 1939 (arip.
560 1873 624 1924 add.
638 1872 681 1938 at)
702 1871 735 1923 B·
759 1900 793 1913 -
819 1890 961 1925 auctorum
979 1873 1055 1939 (nup.
1072 1877 1114 1931 at]
1131 1870 1164 1924 Β.
1188 1900 1223 1912 -
1248 1888 1332 1923 nanae

161 1943 256 1994 Graeci
275 1941 526 1992 ABGPbilssbedi
545 1941 600 1999 (Pa
617 1959 722 2003 zonam,
741 1957 802 2009 ιαμ.
820 1960 849 2003 a,·
871 1942 898 1992 in
918 1941 937 1992 S
957 1948 1001 1991 eat
1018 1941 1117 1992 luciana
1135 1946 1200 1992 ante
1214 1943 1331 2009 graeci).

157 2004 279 2073 (tianae
299 2010 394 2059 Graeci
415 2008 450 2059 ri.
483 2008 579 2060 Graeci
595 2004 789 2070 {adnare-b.
818 2036 848 2048 -
876 2010 1079 2061 eriatimabaat
1099 2008 1201 2074 Sr-gb.
1305 2014 1329 2058 1.

157 2076 302 2128 demittere
320 2076 385 2126 Avi.
411 2103 443 2112 -
472 2076 607 2128 dubitant
626 2093 688 2143 r-g.
718 2104 751 2114 -
781 2074 1033 2129 aliorumnas.
1137 2080 1162 2125 8.
1194 2076 1241 2127 boa
1260 2092 1330 2127 mare

158 2148 236 2210 (ιαμ.
258 2143 321 2195 add.
340 2144 386 2206 de)
406 2142 436 2193 A.

226 2227 298 2278 vm.
337 2229 422 2294 Caput
450 2226 525 2277 Viri.
564 2228 640 2292 Quae
664 2226 733 2277 maie
755 2226 919 2277 enuntianda
943 2228 1017 2294 apud
1042 2228 1188 2295 i'ergiiiam
1213 2243 1328 2277 earnem-

155 2303 265 2364 pantar.
301 2296 337 2346 iit
354 2296 424 2363 quad
442 2311 474 2346 ea
490 2312 537 2345 nee
554 2296 658 2346 ratione
674 2294 748 2362 apud
765 2294 834 2344 anna
850 2302 955 2360 poetam
973 2305 1098 2359 careant,
1129 2312 1197 2361 qaae
1214 2295 1329 2357 fortuita

155 2378 211 2413 eme
229 2364 367 2415 videntur:
393 2379 451 2414 cam
471 2363 534 2412 aiiii
550 2363 717 2428 quibusdam.
742 2360 820 2411 eia-b·
871 2362 934 2429 Cap.
963 2364 1024 2413 ΠΙ.
1057 2364 1132 2428 Quae
1150 2364 1219 2413 maie
1244 2379 1329 2413 mian-

155 2432 251 2481 eiando
268 2438 469 2495 corrumpantur
482 2430 555 2494 apud
567 2427 712 2479 Maronem.
731 2428 784 2478 vbi.
825 2427 900 2491 Quae
917 2430 1087 2481 scientissime
1104 2431 1211 2498 prolata
1229 2448 1246 2480 a
1264 2448 1329 2481 nan·

155 2498 238 2548 neritia
253 2499 323 2547 maie
335 2496 500 2546 enuncianda
513 2502 723 2560 corrumpantur.
748 2496 871 2559 Comei.
951 2500 973 2545 1.
1005 2496 1330 2562 DiaeadoJAan.li‚632‚

156 2564 205 2615 ubi
224 2562 330 2627 iegitur
347 2560 504 2611 Dera-endo.
515 2587 547 2597 -
571 2560 726 2609 Discedunt
740 2566 815 2625 (arip.
833 2563 957 2619 eaeendo)
970 2561 997 2611 S.
1009 2590 1042 2599 -
1060 2564 1115 2612 itae
1134 2564 1296 2612 detentari.

189 2635 215 2681 2.
239 2629 368 2682 Caiaium
384 2628 430 2676 Pa.
448 2652 472 2662 -
493 2626 637 2675 Aterianaa
654 2624 757 2690 aaripai
773 2642 789 2675 a
805 2625 877 2676 coni.
910 2628 1195 2681 ArterianaaEdd.P.
1226 2630 1330 2682 Actbe·

155 2816 315 2877 beminen,
340 2828 448 2879 qaorum
465 2811 555 2878 capita
572 2812 624 2863 diii
644 2813 716 2877 inse·
772 2813 927 2865 Mamertini
944 2831 968 2880 p,
990 2817 1057 2878 158,
1076 2822 1103 2866 et
1121 2832 1143 2865 a.
1163 2832 1186 2867 r.
1209 2817 1329 2869 Sacrani

155 2888 193 2934 ria
211 2884 302 2933 dicata
319 2888 380 2931 aunt
402 2888 427 2931 et
449 2881 553 2930 deuota.
591 2881 658 2932 Vide
680 2899 715 2934 aa
767 2898 794 2948 p.
810 2884 884 2944 ³21,
911 2880 1203 2935 NoninaneSiaenna
1222 2902 1248 2951 p.
1266 2890 1327 2949 522,

154 2950 210 3001 bue
234 2955 344 3015 aperiet
373 2946 444 2998 trine
469 2947 552 2998 Penii
576 2949 611 2999 ad
636 2949 716 3001 lirina.
768 2952 808 3001 14.
837 2949 890 3009 bb,
925 2948 1054 3001 Serrium
1089 2950 1118 3003 ia
1151 2952 1227 3021 virg.
1259 2953 1325 3005 Aen.

154 3034 179 3067 a.
201 3022 232 3083 9,
253 3034 279 3065 r.
302 3020 328 3066 a.
352 3015 476 3081 optantia
504 3032 554 3081 pro
580 3016 715 3069 iratribna
766 3017 826 3079 tn,
845 3021 905 3067 796.

154 3084 217 3135 tieri
247 3083 427 3136 anathema.“
459 3083 544 3134 rnna.
575 3111 607 3122 -
637 3084 715 3137 ram
800 3084 985 3151 questionae
997 3084 1093 3136 Graeci
1105 3086 1248 3155 aoenntJii
1265 3088 1326 3138 Ste-

153 3154 240 3203 verba
263 3152 335 3202 haee
361 3157 439 3201 eunte
468 3149 528 3201 bib.
555 3151 661 3217 xviri,
688 3171 714 3220 p.
764 3152 876 3219 phaone
900 3150 928 3202 ia
946 3150 1035 3203 Thea.
1056 3153 1105 3204 Gr.
1126 3155 1145 3206 Ι.
1170 3173 1193 3206 a.
1213 3172 1237 3205 v.
1263 3150 1326 3218 ξόα-

154 3222 215 3271 318.
242 3220 342 3270 blareii.
376 3220 473 3269 Homo
502 3236 597 3270 eaeer
625 3220 648 3271 ia
678 3229 716 3274 eat
764 3234 816 3270 aaa
840 3220 927 3271 refert
945 3217 1073 3272 Caelium
1091 3223 1214 3289 Rhodia.
1236 3223 1326 3288 Antia.

153 3304 229 3355 qnam
259 3287 375 3354 papulae
407 3287 538 3336 iudicauit
570 3288 600 3337 ab
630 3288 714 3339 maie·
765 3284 842 3339 beet.
861 3287 924 3351 xla,
945 3290 986 3337 ll.
1006 3289 1100 3340 dicere
1116 3286 1216 3353 {darae
1232 3290 1325 3341 rneari

146 3356 256 3421 fleium:
285 3371 369 3423 neque
394 3357 443 3417 sae
472 3362 510 3405 eat
535 3370 593 3403 eam
621 3355 715 3408 immo·
765 3364 890 3405 aaeratoa
909 3354 1048 3406 hominen.
1079 3356 1133 3407 Sed
1156 3358 1219 3407 ride
1237 3374 1270 3407 na
1287 3357 1326 3408 ait

153 3424 222 3486 iani,
246 3423 291 3472 aed
314 3424 360 3488 qai
383 3422 477 3472 accidit
498 3422 640 3487 parricidii
662 3441 714 3474 non
765 3439 850 3473 aanaa
872 3432 963 3473 ortum
989 3440 1003 3473 e
1026 3423 1190 3474 detruncata
1215 3424 1324 3475 Genera

153 3492 312 3554 damnatur,
338 3507 400 3539 nam
419 3489 479 3556 iege
496 3490 638 3540 tribunicia
656 3492 713 3557 pri·
765 3505 849 3551 aaran,
875 3498 903 3539 et
930 3490 1079 3555 legendum
1105 3508 1169 3556 quoe
1191 3485 1325 3559 ἀναθή-

152 3576 197 3610 ma
215 3566 336 3616 eaoetar.
363 3558 395 3609 ai
418 3557 492 3623 qaia
515 3573 583 3607 eum
606 3561 663 3624 qai
680 3575 715 3609 eo
763 3572 854 3620 ματα
887 3558 983 3607 Graeci
1011 3566 1117 3619 vocant,
1154 3560 1199 3608 rei
1228 3560 1325 3612 aimiie

150 3627 262 3693 plebei
286 3626 369 3676 reita
396 3639 491 3674 aacer
517 3625 559 3676 eit
586 3626 713 3676 occide·
766 3624 840 3689 qraid.
873 3624 998 3685 sedicet,
1018 3624 1042 3675 ai
1064 3624 1205 3690 draptianta
1228 3626 1325 3679 littera

153 3696 214 3757 rit,
237 3693 418 3759 parricida
446 3708 484 3742 ne
509 3693 565 3743 ait.-
602 3710 632 3743 ex
663 3710 714 3759 qno
765 3691 931 3755 aaoriptum
951 3700 1013 3741 erat
1032 3692 1259 3758 ᾳιωοΣΑΝΑΘ..
1280 3696 1323 3745 in-

152 3762 240 3828 qaiuia
260 3761 336 3811 bomo
363 3761 451 3811 malua
475 3766 555 3827 atque
582 3761 715 3826 improbae
764 3758 973 3809 aiteindeoriri
990 3760 1321 3825 poteratquanANAC.

152 3830 511 3956 attaminata
524 3828 713 3945 tanati·
765 3827 933 3944 vetti
959 3827 1225 3945 eerraira
1248 3827 1322 3947 aa

152 3961 232 4011 uendi
249 3931 304 4008 mai
321 3962 378 4023 snit
401 3962 486 4012 italia.
515 3962 625 4029 Magnis
645 3963 712 4012 enim
768 3961 861 4027 Capua
899 3962 1004 4013 litterae
1038 3970 1100 4012 aunt
1130 3935 1233 4015 ailatad
1266 3935 1324 4017 iioa

149 4026 277 4094 perieuiia
297 4027 407 4077 adducti
430 4028 556 4079 uouebant
580 4045 711 4094 quaeean-
763 4030 907 4095 exempta
926 4034 980 4079 eet·

152 4110 203 4162 qae
221 4093 342 4160 proximo
365 4110 426 4143 aere
451 4104 517 4145 nata
535 4103 620 4146 eaaent
639 4097 712 4161 apud
796 4096 925 4162 ordinem]
962 4094 1035 4146 inter
1069 4097 1195 4162 reliqnoa
1226 4098 1323 4155 libana,

151 4178 179 4213 ae
197 4160 329 4212 animatia
345 4161 535 4212 innotarum.
560 4163 614 4212 Sed
631 4180 712 4228 qaum
763 4157 782 4210 i.
799 4176 824 4209 e.
846 4178 1001 4213 arimenum.

151 4230 257 4281 aradeie
280 4229 414 4279 videretur
438 4246 535 4295 paenae
555 4245 587 4279 aa
606 4229 713 4294 paeiiae
798 4228 877 4293 t'rlr,
908 4234 930 4279 1.
966 4232 1076 4281 ducente
1096 4232 1160 4293 deo,
1187 4250 1239 4282 non
1262 4227 1321 4292 dea]

151 4298 301 4348 innoeentes
328 4297 487 4362 interficere,
517 4296 658 4362 perductos
683 4297 710 4345 in
761 4293 802 4345 Ad
832 4295 907 4347 hune
939 4296 1030 4360 iprum
1062 4298 1176 4365 tinguit
1211 4310 1319 4347 vermen

151 4365 274 4417 adultam
293 4373 406 4415 aetatem
429 4365 552 4414 uelabant
574 4368 654 4429 atque
671 4364 710 4414 ita
761 4360 877 4414 Serriua
900 4364 1048 4415 adnotavit
1066 4363 1183 4417 haecne:
1219 4366 1320 4413 Secun-

151 4439 251 4482 eatra
278 4433 373 4495 sinea
403 4448 479 4483 aaoa
510 4430 711 4499 exigebatur
760 4431 875 4481 eundum
894 4448 938 4482 eoa
952 4433 999 4498 qai
1017 4433 1109 4485 dieunt
1126 4434 1262 4497 utriusque
1279 4446 1320 4480 ae-

151 4497 200 4551 abi
222 4498 380 4550 Maeiierna
400 4498 510 4549 eanieet
532 4494 608 4547 Feat.
634 4514 658 4548 a.
683 4514 709 4549 a.
759 4513 810 4548 aaa
828 4498 1060 4567 partieipationem
1082 4501 1177 4554 babere
1200 4499 1320 4550 numina.
