<?xml version="1.0" encoding="UTF-8"?>
<!DOCTYPE html PUBLIC "-//W3C//DTD XHTML 1.0 Transitional//EN"
    "http://www.w3.org/TR/xhtml1/DTD/xhtml1-transitional.dtd">
<html xmlns="http://www.w3.org/1999/xhtml" xml:lang="en" lang="en">
 <head>
  <title>
</title>
<meta http-equiv="Content-Type" content="text/html;charset=utf-8" />
  <meta name='ocr-system' content='tesseract 3.04.00' />
  <meta name='ocr-capabilities' content='ocr_page ocr_carea ocr_par ocr_line ocrx_word'/>
</head>
<body>
  <div class='ocr_page' id='page_1' title='image "./operaquaesupers01macrgoog/operaquaesupers01macrgoog_0049.png"; bbox 0 0 2812 5242; ppageno 0'>
   <div class='ocr_carea' id='block_1_1' title="bbox 174 122 864 199">
    <p class='ocr_par' dir='ltr' id='par_1_1' title="bbox 174 122 864 199">
     <span class='ocr_line' id='line_1_1' title="bbox 174 122 864 199; baseline -0.013 -1"><span class='ocrx_word' id='word_1_1' title='bbox 174 131 218 199; x_wconf 72' lang='lat'>22</span> <span class='ocrx_word' id='word_1_2' title='bbox 654 122 864 191; x_wconf 81' lang='lat' dir='ltr'>uacuouu</span> 
     </span>
    </p>
   </div>
   <div class='ocr_carea' id='block_1_2' title="bbox 129 294 1349 1995">
    <p class='ocr_par' dir='ltr' id='par_1_2' title="bbox 129 294 1349 1995">
     <span class='ocr_line' id='line_1_2' title="bbox 146 294 1343 386; baseline 0 -21"><span class='ocrx_word' id='word_1_3' title='bbox 146 298 341 365; x_wconf 64' lang='lat' dir='ltr'>bindiaatum</span> <span class='ocrx_word' id='word_1_4' title='bbox 371 296 448 361; x_wconf 86' lang='lat' dir='ltr'>clam</span> <span class='ocrx_word' id='word_1_5' title='bbox 477 295 584 361; x_wconf 81' lang='lat' dir='ltr'>asteris</span> <span class='ocrx_word' id='word_1_6' title='bbox 616 315 682 361; x_wconf 91' lang='lat' dir='ltr'>esse</span> <span class='ocrx_word' id='word_1_7' title='bbox 711 294 806 359; x_wconf 80' lang='lat' dir='ltr'>velis?</span> <span class='ocrx_word' id='word_1_8' title='bbox 856 294 934 357; x_wconf 88' lang='lat' dir='ltr'>Tum</span> <span class='ocrx_word' id='word_1_9' title='bbox 963 294 1027 359; x_wconf 87' lang='lat' dir='ltr'>illc:</span> <span class='ocrx_word' id='word_1_10' title='bbox 1061 295 1190 363; x_wconf 76' lang='lat' dir='ltr'>bloveor</span> <span class='ocrx_word' id='word_1_11' title='bbox 1219 300 1343 386; x_wconf 88' lang='lat' dir='ltr'>quidem</span> 
     </span>
     <span class='ocr_line' id='line_1_3' title="bbox 176 379 1345 467; baseline 0.002 -18"><span class='ocrx_word' id='word_1_12' title='bbox 176 383 359 451; x_wconf 85' lang='lat' dir='ltr'>auctoritate</span> <span class='ocrx_word' id='word_1_13' title='bbox 383 381 546 457; x_wconf 81' lang='lat' dir='ltr'><strong>Caecinae,</strong></span> <span class='ocrx_word' id='word_1_14' title='bbox 578 400 634 445; x_wconf 88' lang='lat' dir='ltr'>neo</span> <span class='ocrx_word' id='word_1_15' title='bbox 663 381 769 464; x_wconf 83' lang='lat' dir='ltr'>ignoro</span> <span class='ocrx_word' id='word_1_16' title='bbox 796 399 930 443; x_wconf 87' lang='lat' dir='ltr'>errorem</span> <span class='ocrx_word' id='word_1_17' title='bbox 956 379 987 443; x_wconf 95' lang='lat' dir='ltr'>in</span> <span class='ocrx_word' id='word_1_18' title='bbox 1012 388 1127 445; x_wconf 79' lang='lat' dir='ltr'>mntem</span> <span class='ocrx_word' id='word_1_19' title='bbox 1151 405 1213 448; x_wconf 92' lang='lat' dir='ltr'>non</span> <span class='ocrx_word' id='word_1_20' title='bbox 1237 386 1345 467; x_wconf 87' lang='lat' dir='ltr'>cadere</span> 
     </span>
     <span class='ocr_line' id='line_1_4' title="bbox 177 464 1345 554; baseline 0.001 -20"><span class='ocrx_word' id='word_1_21' title='bbox 177 470 360 535; x_wconf 79' lang='lat' dir='ltr'>doctrinam:</span> <span class='ocrx_word' id='word_1_22' title='bbox 380 488 470 532; x_wconf 87' lang='lat' dir='ltr'>aures</span> <span class='ocrx_word' id='word_1_23' title='bbox 490 475 592 531; x_wconf 85' lang='lat' dir='ltr'>tamen</span> <span class='ocrx_word' id='word_1_24' title='bbox 611 485 694 529; x_wconf 88' lang='lat' dir='ltr'>meas</span> <span class='ocrx_word' id='word_1_25' title='bbox 717 464 774 529; x_wconf 89' lang='lat' dir='ltr'>ista</span> <span class='ocrx_word' id='word_1_26' title='bbox 795 464 958 530; x_wconf 76' lang='lat' dir='ltr'>verborum</span> <span class='ocrx_word' id='word_1_27' title='bbox 981 466 1098 531; x_wconf 81' lang='lat' dir='ltr'>novitas</span> <span class='ocrx_word' id='word_1_28' title='bbox 1120 469 1258 554; x_wconf 75' lang='lat' dir='ltr'>perculit,</span> <span class='ocrx_word' id='word_1_29' title='bbox 1275 492 1345 535; x_wconf 85' lang='lat' dir='ltr'>cum</span> 
     </span>
     <span class='ocr_line' id='line_1_5' title="bbox 175 548 1345 703; baseline -0.001 -82"><span class='ocrx_word' id='word_1_30' title='bbox 175 568 265 621; x_wconf 84' lang='lat' dir='ltr'>acet-u</span> <span class='ocrx_word' id='word_1_31' title='bbox 276 557 392 703; x_wconf 54' lang='lat' dir='ltr'>(patara</span> <span class='ocrx_word' id='word_1_32' title='bbox 414 560 446 617; x_wconf 86' lang='lat' dir='ltr'>et</span> <span class='ocrx_word' id='word_1_33' title='bbox 469 552 517 617; x_wconf 88' lang='lat' dir='ltr'>die</span> <span class='ocrx_word' id='word_1_34' title='bbox 541 553 666 617; x_wconf 82' lang='lat' dir='ltr'>crastini</span> <span class='ocrx_word' id='word_1_35' title='bbox 690 548 785 633; x_wconf 86' lang='lat' dir='ltr'>magis</span> <span class='ocrx_word' id='word_1_36' title='bbox 810 570 901 633; x_wconf 89' lang='lat' dir='ltr'>quam</span> <span class='ocrx_word' id='word_1_37' title='bbox 920 553 1028 653; x_wconf 72' lang='lat' dir='ltr'>(atara</span> <span class='ocrx_word' id='word_1_38' title='bbox 1047 564 1130 619; x_wconf 85' lang='lat' dir='ltr'>nocte</span> <span class='ocrx_word' id='word_1_39' title='bbox 1155 562 1187 619; x_wconf 89' lang='lat' dir='ltr'>et</span> <span class='ocrx_word' id='word_1_40' title='bbox 1208 556 1256 621; x_wconf 87' lang='lat' dir='ltr'>die</span> <span class='ocrx_word' id='word_1_41' title='bbox 1279 578 1345 622; x_wconf 86' lang='lat' dir='ltr'>era-</span> 
     </span>
     <span class='ocr_line' id='line_1_6' title="bbox 147 634 1347 725; baseline -0.002 -19"><span class='ocrx_word' id='word_1_42' title='bbox 147 640 252 706; x_wconf 76' lang='lat' dir='ltr'>detiao</span> <span class='ocrx_word' id='word_1_43' title='bbox 297 639 388 713; x_wconf 86' lang='lat' dir='ltr'>icere,</span> <span class='ocrx_word' id='word_1_44' title='bbox 418 644 454 701; x_wconf 91' lang='lat' dir='ltr'>ut</span> <span class='ocrx_word' id='word_1_45' title='bbox 474 635 585 719; x_wconf 82' lang='lat' dir='ltr'>regulis</span> <span class='ocrx_word' id='word_1_46' title='bbox 605 634 715 720; x_wconf 86' lang='lat' dir='ltr'>placet,</span> <span class='ocrx_word' id='word_1_47' title='bbox 743 634 858 699; x_wconf 82' lang='lat' dir='ltr'>maluit</span> <span class='ocrx_word' id='word_1_48' title='bbox 901 635 978 701; x_wconf 79' lang='lat' dir='ltr'>bam</span> <span class='ocrx_word' id='word_1_49' title='bbox 995 649 1085 701; x_wconf 88' lang='lat' dir='ltr'>aoetu</span> <span class='ocrx_word' id='word_1_50' title='bbox 1105 660 1167 703; x_wconf 91' lang='lat' dir='ltr'>non</span> <span class='ocrx_word' id='word_1_51' title='bbox 1186 639 1347 725; x_wconf 81' lang='lat' dir='ltr'>appellatio</span> 
     </span>
     <span class='ocr_line' id='line_1_7' title="bbox 178 718 1349 818; baseline -0.001 -28"><span class='ocrx_word' id='word_1_52' title='bbox 178 726 231 791; x_wconf 87' lang='lat' dir='ltr'>sed</span> <span class='ocrx_word' id='word_1_53' title='bbox 256 722 432 791; x_wconf 77' lang='lat' dir='ltr'>adverbium</span> <span class='ocrx_word' id='word_1_54' title='bbox 460 729 520 787; x_wconf 91' lang='lat' dir='ltr'>est:</span> <span class='ocrx_word' id='word_1_55' title='bbox 549 741 644 818; x_wconf 91' lang='lat' dir='ltr'>porro</span> <span class='ocrx_word' id='word_1_56' title='bbox 668 724 787 805; x_wconf 75' lang='lat' dir='ltr'>sutura,</span> <span class='ocrx_word' id='word_1_57' title='bbox 817 718 901 806; x_wconf 91' lang='lat' dir='ltr'>quod</span> <span class='ocrx_word' id='word_1_58' title='bbox 927 741 1041 787; x_wconf 89' lang='lat' dir='ltr'>nomen</span> <span class='ocrx_word' id='word_1_59' title='bbox 1066 732 1127 800; x_wconf 85' lang='lat' dir='ltr'>est,</span> <span class='ocrx_word' id='word_1_60' title='bbox 1159 745 1224 788; x_wconf 92' lang='lat' dir='ltr'>non</span> <span class='ocrx_word' id='word_1_61' title='bbox 1248 733 1349 810; x_wconf 88' lang='lat' dir='ltr'>potest</span> 
     </span>
     <span class='ocr_line' id='line_1_8' title="bbox 177 804 1349 874; baseline 0.001 -1"><span class='ocrx_word' id='word_1_62' title='bbox 177 831 245 874; x_wconf 86' lang='lat' dir='ltr'>curn</span> <span class='ocrx_word' id='word_1_63' title='bbox 266 807 409 873; x_wconf 76' lang='lat' dir='ltr'>adverbio</span> <span class='ocrx_word' id='word_1_64' title='bbox 429 825 606 871; x_wconf 82' lang='lat' dir='ltr'>convenire:</span> <span class='ocrx_word' id='word_1_65' title='bbox 639 826 696 870; x_wconf 87' lang='lat' dir='ltr'>noa</span> <span class='ocrx_word' id='word_1_66' title='bbox 716 805 843 869; x_wconf 91' lang='lat' dir='ltr'>dubium</span> <span class='ocrx_word' id='word_1_67' title='bbox 866 813 913 870; x_wconf 85' lang='lat' dir='ltr'>est</span> <span class='ocrx_word' id='word_1_68' title='bbox 933 804 992 871; x_wconf 91' lang='lat' dir='ltr'>boc</span> <span class='ocrx_word' id='word_1_69' title='bbox 1014 806 1093 871; x_wconf 87' lang='lat' dir='ltr'>inter</span> <span class='ocrx_word' id='word_1_70' title='bbox 1114 829 1147 872; x_wconf 83' lang='lat' dir='ltr'>so</span> <span class='ocrx_word' id='word_1_71' title='bbox 1171 829 1238 873; x_wconf 85' lang='lat' dir='ltr'>esse</span> <span class='ocrx_word' id='word_1_72' title='bbox 1258 822 1349 874; x_wconf 82' lang='lat' dir='ltr'>aceto</span> 
     </span>
     <span class='ocr_line' id='line_1_9' title="bbox 176 890 1346 978; baseline -0.002 -18"><span class='ocrx_word' id='word_1_73' title='bbox 176 903 208 960; x_wconf 90' lang='lat' dir='ltr'>ot</span> <span class='ocrx_word' id='word_1_74' title='bbox 226 905 309 959; x_wconf 87' lang='lat' dir='ltr'>aoete</span> <span class='ocrx_word' id='word_1_75' title='bbox 328 891 412 978; x_wconf 89' lang='lat' dir='ltr'>quod</span> <span class='ocrx_word' id='word_1_76' title='bbox 433 893 538 957; x_wconf 87' lang='lat' dir='ltr'>diuet</span> <span class='ocrx_word' id='word_1_77' title='bbox 560 892 622 956; x_wconf 88' lang='lat' dir='ltr'>die:</span> <span class='ocrx_word' id='word_1_78' title='bbox 652 899 684 955; x_wconf 91' lang='lat' dir='ltr'>ot</span> <span class='ocrx_word' id='word_1_79' title='bbox 705 910 811 955; x_wconf 87' lang='lat' dir='ltr'>rursus</span> <span class='ocrx_word' id='word_1_80' title='bbox 835 890 883 955; x_wconf 88' lang='lat' dir='ltr'>die</span> <span class='ocrx_word' id='word_1_81' title='bbox 903 897 935 955; x_wconf 87' lang='lat' dir='ltr'>ct</span> <span class='ocrx_word' id='word_1_82' title='bbox 955 893 1082 957; x_wconf 80' lang='lat' dir='ltr'>eraataiti</span> <span class='ocrx_word' id='word_1_83' title='bbox 1099 914 1161 957; x_wconf 91' lang='lat' dir='ltr'>non</span> <span class='ocrx_word' id='word_1_84' title='bbox 1180 892 1219 957; x_wconf 87' lang='lat' dir='ltr'>de</span> <span class='ocrx_word' id='word_1_85' title='bbox 1237 895 1346 958; x_wconf 83' lang='lat' dir='ltr'>eodem</span> 
     </span>
     <span class='ocr_line' id='line_1_10' title="bbox 178 975 1348 1054; baseline 0 -11"><span class='ocrx_word' id='word_1_86' title='bbox 178 999 251 1043; x_wconf 87' lang='lat' dir='ltr'>casu</span> <span class='ocrx_word' id='word_1_87' title='bbox 271 987 354 1054; x_wconf 88' lang='lat' dir='ltr'>sunt,</span> <span class='ocrx_word' id='word_1_88' title='bbox 384 986 415 1042; x_wconf 89' lang='lat' dir='ltr'>ot</span> <span class='ocrx_word' id='word_1_89' title='bbox 431 976 488 1042; x_wconf 90' lang='lat' dir='ltr'>nisi</span> <span class='ocrx_word' id='word_1_90' title='bbox 510 997 598 1041; x_wconf 88' lang='lat' dir='ltr'>casus</span> <span class='ocrx_word' id='word_1_91' title='bbox 620 975 700 1041; x_wconf 87' lang='lat' dir='ltr'>idem</span> <span class='ocrx_word' id='word_1_92' title='bbox 723 975 846 1039; x_wconf 91' lang='lat' dir='ltr'>nomina</span> <span class='ocrx_word' id='word_1_93' title='bbox 867 975 899 1039; x_wconf 93' lang='lat' dir='ltr'>in</span> <span class='ocrx_word' id='word_1_94' title='bbox 919 975 1069 1042; x_wconf 85' lang='lat' dir='ltr'>eiusmodi</span> <span class='ocrx_word' id='word_1_95' title='bbox 1091 978 1265 1044; x_wconf 81' lang='lat' dir='ltr'>elocutione</span> <span class='ocrx_word' id='word_1_96' title='bbox 1284 1001 1348 1044; x_wconf 94' lang='lat' dir='ltr'>non</span> 
     </span>
     <span class='ocr_line' id='line_1_11' title="bbox 178 1060 1347 1148; baseline 0.002 -22"><span class='ocrx_word' id='word_1_97' title='bbox 178 1064 283 1148; x_wconf 80' lang='lat' dir='ltr'>iungit</span> <span class='ocrx_word' id='word_1_98' title='bbox 326 1063 571 1128; x_wconf 75' lang='lat' dir='ltr'>saturnaliorum</span> <span class='ocrx_word' id='word_1_99' title='bbox 592 1060 701 1126; x_wconf 89' lang='lat' dir='ltr'>deinde</span> <span class='ocrx_word' id='word_1_100' title='bbox 723 1081 778 1125; x_wconf 89' lang='lat' dir='ltr'>our</span> <span class='ocrx_word' id='word_1_101' title='bbox 799 1060 940 1125; x_wconf 85' lang='lat' dir='ltr'>malimus</span> <span class='ocrx_word' id='word_1_102' title='bbox 957 1082 1051 1147; x_wconf 92' lang='lat' dir='ltr'>quam</span> <span class='ocrx_word' id='word_1_103' title='bbox 1070 1062 1280 1129; x_wconf 79' lang='lat' dir='ltr'>Saturnalium</span> <span class='ocrx_word' id='word_1_104' title='bbox 1302 1065 1347 1128; x_wconf 93' lang='lat' dir='ltr'>di-</span> 
     </span>
     <span class='ocr_line' id='line_1_12' title="bbox 151 1145 1348 1232; baseline -0.002 -17"><span class='ocrx_word' id='word_1_105' title='bbox 151 1154 259 1223; x_wconf 73' lang='lat' dir='ltr'>luere,</span> <span class='ocrx_word' id='word_1_106' title='bbox 283 1156 357 1232; x_wconf 90' lang='lat' dir='ltr'>opto</span> <span class='ocrx_word' id='word_1_107' title='bbox 380 1147 545 1211; x_wconf 84' lang='lat' dir='ltr'>dinoscere.</span> <span class='ocrx_word' id='word_1_108' title='bbox 589 1146 639 1210; x_wconf 80' lang='lat' dir='ltr'>Ad</span> <span class='ocrx_word' id='word_1_109' title='bbox 663 1146 736 1209; x_wconf 87' lang='lat' dir='ltr'>haec</span> <span class='ocrx_word' id='word_1_110' title='bbox 757 1166 826 1209; x_wconf 89' lang='lat' dir='ltr'>cum</span> <span class='ocrx_word' id='word_1_111' title='bbox 849 1145 980 1211; x_wconf 85' lang='lat' dir='ltr'>Caecina</span> <span class='ocrx_word' id='word_1_112' title='bbox 1000 1146 1140 1211; x_wconf 84' lang='lat' dir='ltr'>renidens</span> <span class='ocrx_word' id='word_1_113' title='bbox 1160 1156 1290 1224; x_wconf 86' lang='lat' dir='ltr'>taceret,</span> <span class='ocrx_word' id='word_1_114' title='bbox 1317 1158 1348 1213; x_wconf 90' lang='lat' dir='ltr'>ot</span> 
     </span>
     <span class='ocr_line' id='line_1_13' title="bbox 179 1231 1346 1317; baseline 0 -20"><span class='ocrx_word' id='word_1_115' title='bbox 179 1233 342 1298; x_wconf 74' lang='lat' dir='ltr'>Sermusa</span> <span class='ocrx_word' id='word_1_116' title='bbox 365 1231 548 1317; x_wconf 77' lang='lat' dir='ltr'>Symmacho</span> <span class='ocrx_word' id='word_1_117' title='bbox 574 1239 697 1315; x_wconf 84' lang='lat' dir='ltr'>rogatus</span> <span class='ocrx_word' id='word_1_118' title='bbox 722 1239 815 1307; x_wconf 85' lang='lat' dir='ltr'>essct,</span> <span class='ocrx_word' id='word_1_119' title='bbox 848 1231 993 1315; x_wconf 89' lang='lat' dir='ltr'>quidnam</span> <span class='ocrx_word' id='word_1_120' title='bbox 1016 1231 1054 1296; x_wconf 92' lang='lat' dir='ltr'>de</span> <span class='ocrx_word' id='word_1_121' title='bbox 1078 1232 1125 1297; x_wconf 89' lang='lat' dir='ltr'>his</span> <span class='ocrx_word' id='word_1_122' title='bbox 1147 1233 1346 1297; x_wconf 88' lang='lat' dir='ltr'>existimaret:</span> 
     </span>
     <span class='ocr_line' id='line_1_14' title="bbox 178 1315 1348 1402; baseline -0.002 -19"><span class='ocrx_word' id='word_1_123' title='bbox 178 1319 277 1394; x_wconf 88' lang='lat' dir='ltr'>Licet,</span> <span class='ocrx_word' id='word_1_124' title='bbox 308 1317 421 1401; x_wconf 88' lang='lat' dir='ltr'>inquit,</span> <span class='ocrx_word' id='word_1_125' title='bbox 455 1317 486 1380; x_wconf 94' lang='lat' dir='ltr'>in</span> <span class='ocrx_word' id='word_1_126' title='bbox 511 1316 569 1381; x_wconf 90' lang='lat' dir='ltr'>hoc</span> <span class='ocrx_word' id='word_1_127' title='bbox 596 1324 688 1380; x_wconf 86' lang='lat' dir='ltr'>coetu</span> <span class='ocrx_word' id='word_1_128' title='bbox 713 1337 775 1379; x_wconf 94' lang='lat' dir='ltr'>non</span> <span class='ocrx_word' id='word_1_129' title='bbox 796 1315 896 1381; x_wconf 84' lang='lat' dir='ltr'>minus</span> <span class='ocrx_word' id='word_1_130' title='bbox 919 1316 1055 1381; x_wconf 86' lang='lat' dir='ltr'>doctriua</span> <span class='ocrx_word' id='word_1_131' title='bbox 1077 1338 1169 1402; x_wconf 91' lang='lat' dir='ltr'>quam</span> <span class='ocrx_word' id='word_1_132' title='bbox 1190 1318 1348 1383; x_wconf 88' lang='lat' dir='ltr'>nobilitato</span> 
     </span>
     <span class='ocr_line' id='line_1_15' title="bbox 178 1400 1348 1486; baseline 0.001 -20"><span class='ocrx_word' id='word_1_133' title='bbox 178 1402 344 1467; x_wconf 79' lang='lat' dir='ltr'>reverendo</span> <span class='ocrx_word' id='word_1_134' title='bbox 367 1402 461 1486; x_wconf 79' lang='lat' dir='ltr'>magis</span> <span class='ocrx_word' id='word_1_135' title='bbox 482 1401 555 1465; x_wconf 90' lang='lat' dir='ltr'>mibi</span> <span class='ocrx_word' id='word_1_136' title='bbox 577 1401 755 1465; x_wconf 83' lang='lat' dir='ltr'>discendum</span> <span class='ocrx_word' id='word_1_137' title='bbox 780 1400 820 1464; x_wconf 84' lang='lat' dir='ltr'>sit</span> <span class='ocrx_word' id='word_1_138' title='bbox 841 1421 934 1485; x_wconf 89' lang='lat' dir='ltr'>quam</span> <span class='ocrx_word' id='word_1_139' title='bbox 959 1401 1144 1479; x_wconf 89' lang='lat' dir='ltr'>docendum,</span> <span class='ocrx_word' id='word_1_140' title='bbox 1178 1401 1348 1467; x_wconf 79' lang='lat' dir='ltr'>famulabor</span> 
     </span>
     <span class='ocr_line' id='line_1_16' title="bbox 181 1485 1348 1572; baseline -0.001 -20"><span class='ocrx_word' id='word_1_141' title='bbox 181 1499 281 1552; x_wconf 87' lang='lat' dir='ltr'>tamen</span> <span class='ocrx_word' id='word_1_142' title='bbox 300 1487 425 1551; x_wconf 88' lang='lat' dir='ltr'>arbitrio</span> <span class='ocrx_word' id='word_1_143' title='bbox 444 1486 585 1561; x_wconf 89' lang='lat' dir='ltr'>iubentis,</span> <span class='ocrx_word' id='word_1_144' title='bbox 605 1495 635 1550; x_wconf 89' lang='lat' dir='ltr'>ot</span> <span class='ocrx_word' id='word_1_145' title='bbox 653 1486 813 1550; x_wconf 91' lang='lat' dir='ltr'>insinuabo</span> <span class='ocrx_word' id='word_1_146' title='bbox 834 1486 965 1570; x_wconf 90' lang='lat' dir='ltr'>primum</span> <span class='ocrx_word' id='word_1_147' title='bbox 984 1486 1022 1550; x_wconf 92' lang='lat' dir='ltr'>de</span> <span class='ocrx_word' id='word_1_148' title='bbox 1034 1485 1256 1565; x_wconf 86' lang='lat' dir='ltr'>Saturnalibus,</span> <span class='ocrx_word' id='word_1_149' title='bbox 1278 1495 1348 1572; x_wconf 88' lang='lat' dir='ltr'>post</span> 
     </span>
     <span class='ocr_line' id='line_1_17' title="bbox 148 1569 1347 1656; baseline -0.003 -17"><span class='ocrx_word' id='word_1_150' title='bbox 148 1573 218 1639; x_wconf 87' lang='lat' dir='ltr'>5de</span> <span class='ocrx_word' id='word_1_151' title='bbox 241 1572 362 1648; x_wconf 83' lang='lat' dir='ltr'>catoris,</span> <span class='ocrx_word' id='word_1_152' title='bbox 384 1570 465 1636; x_wconf 89' lang='lat' dir='ltr'>unde</span> <span class='ocrx_word' id='word_1_153' title='bbox 486 1571 526 1635; x_wconf 89' lang='lat' dir='ltr'>sit</span> <span class='ocrx_word' id='word_1_154' title='bbox 547 1571 590 1635; x_wconf 89' lang='lat' dir='ltr'>sic</span> <span class='ocrx_word' id='word_1_155' title='bbox 612 1569 774 1656; x_wconf 87' lang='lat' dir='ltr'>eloquendi</span> <span class='ocrx_word' id='word_1_156' title='bbox 797 1592 860 1634; x_wconf 93' lang='lat' dir='ltr'>non</span> <span class='ocrx_word' id='word_1_157' title='bbox 883 1570 1000 1635; x_wconf 88' lang='lat' dir='ltr'>novitas</span> <span class='ocrx_word' id='word_1_158' title='bbox 1021 1571 1074 1637; x_wconf 87' lang='lat' dir='ltr'>sed</span> <span class='ocrx_word' id='word_1_159' title='bbox 1094 1579 1238 1637; x_wconf 82' lang='lat' dir='ltr'>vetustas.</span> <span class='ocrx_word' id='word_1_160' title='bbox 1284 1570 1347 1652; x_wconf 84' lang='lat' dir='ltr'>Qui</span> 
     </span>
     <span class='ocr_line' id='line_1_18' title="bbox 129 1656 1346 1804; baseline -0.006 -77"><span class='ocrx_word' id='word_1_161' title='bbox 129 1658 405 1742; x_wconf 77' lang='lat' dir='ltr'>[uttJSataraaliam</span> <span class='ocrx_word' id='word_1_162' title='bbox 418 1656 491 1720; x_wconf 86' lang='lat' dir='ltr'>dicit</span> <span class='ocrx_word' id='word_1_163' title='bbox 507 1656 610 1740; x_wconf 78' lang='lat' dir='ltr'>regula</span> <span class='ocrx_word' id='word_1_164' title='bbox 626 1656 779 1721; x_wconf 87' lang='lat' dir='ltr'>innititur:</span> <span class='ocrx_word' id='word_1_165' title='bbox 798 1656 922 1719; x_wconf 90' lang='lat' dir='ltr'>nomina</span> <span class='ocrx_word' id='word_1_166' title='bbox 937 1656 1017 1720; x_wconf 89' lang='lat' dir='ltr'>enim</span> <span class='ocrx_word' id='word_1_167' title='bbox 1037 1677 1116 1741; x_wconf 88' lang='lat' dir='ltr'>quaa</span> <span class='ocrx_word' id='word_1_168' title='bbox 1128 1656 1262 1722; x_wconf 79' lang='lat' dir='ltr'>dativum</span> <span class='ocrx_word' id='word_1_169' title='bbox 1280 1656 1346 1804; x_wconf 91' lang='lat' dir='ltr'>plu·</span> 
     </span>
     <span class='ocr_line' id='line_1_19' title="bbox 180 1739 1348 1826; baseline -0.002 -19"><span class='ocrx_word' id='word_1_170' title='bbox 180 1742 272 1807; x_wconf 89' lang='lat' dir='ltr'>ralem</span> <span class='ocrx_word' id='word_1_171' title='bbox 292 1742 323 1807; x_wconf 92' lang='lat' dir='ltr'>in</span> <span class='ocrx_word' id='word_1_172' title='bbox 344 1742 398 1807; x_wconf 79' lang='lat' dir='ltr'>bue</span> <span class='ocrx_word' id='word_1_173' title='bbox 417 1741 543 1805; x_wconf 89' lang='lat' dir='ltr'>mittunt</span> <span class='ocrx_word' id='word_1_174' title='bbox 562 1761 730 1824; x_wconf 88' lang='lat' dir='ltr'>numquam</span> <span class='ocrx_word' id='word_1_175' title='bbox 751 1740 916 1825; x_wconf 78' lang='lat' dir='ltr'>genitivum</span> <span class='ocrx_word' id='word_1_176' title='bbox 937 1739 1072 1805; x_wconf 87' lang='lat' dir='ltr'>eiusdem</span> <span class='ocrx_word' id='word_1_177' title='bbox 1095 1741 1214 1806; x_wconf 89' lang='lat' dir='ltr'>numeri</span> <span class='ocrx_word' id='word_1_178' title='bbox 1234 1740 1277 1826; x_wconf 75' lang='lat' dir='ltr'>syl</span> <span class='ocrx_word' id='word_1_179' title='bbox 1289 1741 1348 1805; x_wconf 89' lang='lat' dir='ltr'>aba</span> 
     </span>
     <span class='ocr_line' id='line_1_20' title="bbox 181 1825 1347 1912; baseline -0.002 -21"><span class='ocrx_word' id='word_1_180' title='bbox 181 1827 312 1891; x_wconf 81' lang='lat' dir='ltr'>oravisse</span> <span class='ocrx_word' id='word_1_181' title='bbox 334 1826 507 1912; x_wconf 88' lang='lat' dir='ltr'>patiuntur,</span> <span class='ocrx_word' id='word_1_182' title='bbox 529 1825 581 1890; x_wconf 89' lang='lat' dir='ltr'>sod</span> <span class='ocrx_word' id='word_1_183' title='bbox 601 1834 655 1889; x_wconf 86' lang='lat' dir='ltr'>aut</span> <span class='ocrx_word' id='word_1_184' title='bbox 675 1825 803 1889; x_wconf 88' lang='lat' dir='ltr'>totidem</span> <span class='ocrx_word' id='word_1_185' title='bbox 828 1825 928 1902; x_wconf 88' lang='lat' dir='ltr'>babet,</span> <span class='ocrx_word' id='word_1_186' title='bbox 949 1834 985 1890; x_wconf 92' lang='lat' dir='ltr'>ut</span> <span class='ocrx_word' id='word_1_187' title='bbox 1002 1827 1163 1891; x_wconf 77' lang='lat' dir='ltr'>monilibus</span> <span class='ocrx_word' id='word_1_188' title='bbox 1180 1827 1347 1901; x_wconf 76' lang='lat' dir='ltr'>monilium,</span> 
     </span>
     <span class='ocr_line' id='line_1_21' title="bbox 181 1910 1347 1995; baseline -0.002 -19"><span class='ocrx_word' id='word_1_189' title='bbox 181 1913 321 1978; x_wconf 74' lang='lat' dir='ltr'>sedilib-uc</span> <span class='ocrx_word' id='word_1_190' title='bbox 341 1913 486 1988; x_wconf 81' lang='lat' dir='ltr'>sedilium,</span> <span class='ocrx_word' id='word_1_191' title='bbox 499 1920 552 1975; x_wconf 90' lang='lat' dir='ltr'>aut</span> <span class='ocrx_word' id='word_1_192' title='bbox 571 1932 632 1975; x_wconf 92' lang='lat' dir='ltr'>una</span> <span class='ocrx_word' id='word_1_193' title='bbox 653 1911 766 1995; x_wconf 76' lang='lat' dir='ltr'>syllaba</span> <span class='ocrx_word' id='word_1_194' title='bbox 786 1910 886 1975; x_wconf 83' lang='lat' dir='ltr'>niinus</span> <span class='ocrx_word' id='word_1_195' title='bbox 904 1918 959 1989; x_wconf 82' lang='lat' dir='ltr'>est,</span> <span class='ocrx_word' id='word_1_196' title='bbox 979 1918 1015 1976; x_wconf 94' lang='lat' dir='ltr'>ut</span> <span class='ocrx_word' id='word_1_197' title='bbox 1036 1912 1218 1978; x_wconf 83' lang='lat' dir='ltr'>carniim&#39;bue</span> <span class='ocrx_word' id='word_1_198' title='bbox 1239 1912 1347 1976; x_wconf 79' lang='lat' dir='ltr'>carani-</span> 
     </span>
    </p>
   </div>
   <div class='ocr_carea' id='block_1_3' title="bbox 248 2104 505 2173">
    <p class='ocr_par' dir='ltr' id='par_1_3' title="bbox 248 2104 505 2173">
     <span class='ocr_line' id='line_1_22' title="bbox 248 2104 505 2173; baseline 0.004 -16"><span class='ocrx_word' id='word_1_199' title='bbox 248 2104 330 2173; x_wconf 81' lang='lat' dir='ltr'>[nra.</span> <span class='ocrx_word' id='word_1_200' title='bbox 348 2106 505 2158; x_wconf 76' lang='lat' dir='ltr'>incesti.</span> 
     </span>
    </p>
   </div>
   <div class='ocr_carea' id='block_1_4' title="bbox 177 2188 1352 2657">
    <p class='ocr_par' dir='ltr' id='par_1_4' title="bbox 177 2188 1352 2657">
     <span class='ocr_line' id='line_1_23' title="bbox 179 2188 1349 2257; baseline 0 -16"><span class='ocrx_word' id='word_1_201' title='bbox 179 2205 239 2257; x_wconf 85' lang='lat' dir='ltr'>eup.</span> <span class='ocrx_word' id='word_1_202' title='bbox 256 2196 284 2251; x_wconf 83' lang='lat' dir='ltr'>e)</span> <span class='ocrx_word' id='word_1_203' title='bbox 302 2190 335 2241; x_wconf 88' lang='lat' dir='ltr'>B.</span> <span class='ocrx_word' id='word_1_204' title='bbox 352 2220 386 2229; x_wconf 99' lang='lat'>-</span> <span class='ocrx_word' id='word_1_205' title='bbox 403 2191 526 2242; x_wconf 77' lang='lat' dir='ltr'>indicato</span> <span class='ocrx_word' id='word_1_206' title='bbox 543 2188 567 2241; x_wconf 85' lang='grc' dir='ltr'><strong>Β</strong></span> <span class='ocrx_word' id='word_1_207' title='bbox 583 2189 624 2256; x_wconf 78' lang='lat' dir='ltr'>(G</span> <span class='ocrx_word' id='word_1_208' title='bbox 640 2206 702 2257; x_wconf 83' lang='lat' dir='ltr'>eup.</span> <span class='ocrx_word' id='word_1_209' title='bbox 722 2188 792 2256; x_wconf 83' lang='lat' dir='ltr'>am).</span> <span class='ocrx_word' id='word_1_210' title='bbox 894 2192 920 2242; x_wconf 71' lang='lat' dir='ltr'>b.</span> <span class='ocrx_word' id='word_1_211' title='bbox 942 2207 1000 2241; x_wconf 87' lang='lat' dir='ltr'>eum</span> <span class='ocrx_word' id='word_1_212' title='bbox 1017 2195 1093 2256; x_wconf 78' lang='lat' dir='ltr'>(cup.</span> <span class='ocrx_word' id='word_1_213' title='bbox 1111 2189 1176 2242; x_wconf 81' lang='lat' dir='ltr'>edd.</span> <span class='ocrx_word' id='word_1_214' title='bbox 1192 2194 1252 2249; x_wconf 82' lang='lat' dir='ltr'>eur)</span> <span class='ocrx_word' id='word_1_215' title='bbox 1268 2188 1299 2241; x_wconf 83' lang='lat' dir='ltr'>S·</span> <span class='ocrx_word' id='word_1_216' title='bbox 1315 2214 1349 2227; x_wconf 94' lang='lat'><em>-</em></span> 
     </span>
     <span class='ocr_line' id='line_1_24' title="bbox 177 2256 1350 2325; baseline -0.001 -17"><span class='ocrx_word' id='word_1_217' title='bbox 177 2260 275 2322; x_wconf 75' lang='lat' dir='ltr'>fatuea</span> <span class='ocrx_word' id='word_1_218' title='bbox 293 2257 569 2325; x_wconf 74' lang='lat' dir='ltr'>noetertBGSr·gbl.</span> <span class='ocrx_word' id='word_1_219' title='bbox 604 2267 678 2310; x_wconf 83' lang='lat' dir='ltr'>aoate</span> <span class='ocrx_word' id='word_1_220' title='bbox 690 2261 790 2323; x_wconf 83' lang='lat' dir='ltr'>satura</span> <span class='ocrx_word' id='word_1_221' title='bbox 809 2256 889 2309; x_wconf 72' lang='lat' dir='ltr'>u-bt’.</span> <span class='ocrx_word' id='word_1_222' title='bbox 973 2261 999 2308; x_wconf 80' lang='lat'>3.</span> <span class='ocrx_word' id='word_1_223' title='bbox 1027 2259 1174 2324; x_wconf 74' lang='lat' dir='ltr'>appellatio</span> <span class='ocrx_word' id='word_1_224' title='bbox 1193 2264 1270 2322; x_wconf 78' lang='lat' dir='ltr'>(nup.</span> <span class='ocrx_word' id='word_1_225' title='bbox 1287 2256 1350 2307; x_wconf 88' lang='lat' dir='ltr'>add.</span> 
     </span>
     <span class='ocr_line' id='line_1_25' title="bbox 179 2324 1350 2392; baseline -0.003 -15"><span class='ocrx_word' id='word_1_226' title='bbox 179 2327 199 2377; x_wconf 91' lang='lat' dir='ltr'>i.</span> <span class='ocrx_word' id='word_1_227' title='bbox 212 2342 235 2376; x_wconf 87' lang='lat' dir='ltr'>e.</span> <span class='ocrx_word' id='word_1_228' title='bbox 254 2331 362 2386; x_wconf 78' lang='lat' dir='ltr'>nomem)</span> <span class='ocrx_word' id='word_1_229' title='bbox 378 2326 408 2378; x_wconf 82' lang='grc' dir='ltr'>Α.</span> <span class='ocrx_word' id='word_1_230' title='bbox 424 2352 456 2365; x_wconf 92' lang='lat'>-·</span> <span class='ocrx_word' id='word_1_231' title='bbox 474 2344 527 2378; x_wconf 86' lang='lat' dir='ltr'>aaa</span> <span class='ocrx_word' id='word_1_232' title='bbox 544 2328 633 2378; x_wconf 82' lang='lat' dir='ltr'>eodem</span> <span class='ocrx_word' id='word_1_233' title='bbox 647 2332 716 2386; x_wconf 75' lang='lat' dir='ltr'>toni.</span> <span class='ocrx_word' id='word_1_234' title='bbox 734 2327 780 2386; x_wconf 90' lang='lat' dir='ltr'>de)</span> <span class='ocrx_word' id='word_1_235' title='bbox 794 2325 877 2392; x_wconf 73' lang='lat' dir='ltr'>Sr-g.</span> <span class='ocrx_word' id='word_1_236' title='bbox 895 2352 927 2363; x_wconf 95' lang='lat'>-</span> <span class='ocrx_word' id='word_1_237' title='bbox 945 2326 1074 2377; x_wconf 72' lang='lat' dir='ltr'>eiusmodi</span> <span class='ocrx_word' id='word_1_238' title='bbox 1090 2324 1223 2391; x_wconf 63' lang='lat' dir='ltr'>Enisa-g.</span> <span class='ocrx_word' id='word_1_239' title='bbox 1249 2324 1350 2374; x_wconf 83' lang='lat' dir='ltr'>baiae-</span> 
     </span>
     <span class='ocr_line' id='line_1_26' title="bbox 179 2391 1349 2463; baseline -0.004 -19"><span class='ocrx_word' id='word_1_240' title='bbox 179 2393 252 2444; x_wconf 80' lang='lat' dir='ltr'>modi</span> <span class='ocrx_word' id='word_1_241' title='bbox 267 2393 402 2445; x_wconf 77' lang='lat' dir='ltr'>Abba-bl&#39;.</span> <span class='ocrx_word' id='word_1_242' title='bbox 427 2423 461 2432; x_wconf 98' lang='lat'>-</span> <span class='ocrx_word' id='word_1_243' title='bbox 488 2394 555 2447; x_wconf 87' lang='lat' dir='ltr'>iade</span> <span class='ocrx_word' id='word_1_244' title='bbox 571 2394 599 2447; x_wconf 90' lang='lat' dir='ltr'>S.</span> <span class='ocrx_word' id='word_1_245' title='bbox 628 2420 661 2431; x_wconf 90' lang='lat'><em>-</em></span> <span class='ocrx_word' id='word_1_246' title='bbox 688 2394 852 2463; x_wconf 75' lang='lat' dir='ltr'>dignoeeere</span> <span class='ocrx_word' id='word_1_247' title='bbox 871 2409 931 2459; x_wconf 46' lang='lat' dir='ltr'>eug.</span> <span class='ocrx_word' id='word_1_248' title='bbox 1032 2394 1059 2442; x_wconf 84' lang='lat'>4.</span> <span class='ocrx_word' id='word_1_249' title='bbox 1086 2391 1349 2457; x_wconf 77' lang='lat' dir='ltr'>reniteae(eap.el)</span> 
     </span>
     <span class='ocr_line' id='line_1_27' title="bbox 181 2458 1351 2528; baseline -0.003 -18"><span class='ocrx_word' id='word_1_250' title='bbox 181 2458 216 2510; x_wconf 80' lang='lat' dir='ltr'>G.</span> <span class='ocrx_word' id='word_1_251' title='bbox 243 2487 276 2497; x_wconf 99' lang='lat'>—</span> <span class='ocrx_word' id='word_1_252' title='bbox 303 2468 445 2512; x_wconf 78' lang='lat' dir='ltr'>aeaeoetu</span> <span class='ocrx_word' id='word_1_253' title='bbox 464 2462 507 2512; x_wconf 79' lang='lat' dir='ltr'>de.</span> <span class='ocrx_word' id='word_1_254' title='bbox 536 2487 570 2499; x_wconf 92' lang='lat'>-</span> <span class='ocrx_word' id='word_1_255' title='bbox 598 2462 736 2512; x_wconf 84' lang='lat' dir='ltr'>nobilitate</span> <span class='ocrx_word' id='word_1_256' title='bbox 752 2479 831 2528; x_wconf 82' lang='lat' dir='ltr'>quam</span> <span class='ocrx_word' id='word_1_257' title='bbox 849 2461 969 2513; x_wconf 82' lang='lat' dir='ltr'>doctriua</span> <span class='ocrx_word' id='word_1_258' title='bbox 985 2458 1067 2511; x_wconf 77' lang='lat' dir='ltr'>e-nt’.</span> <span class='ocrx_word' id='word_1_259' title='bbox 1094 2486 1128 2498; x_wconf 92' lang='lat'>-</span> <span class='ocrx_word' id='word_1_260' title='bbox 1147 2459 1303 2525; x_wconf 76' lang='lat' dir='ltr'>samalabo</span> <span class='ocrx_word' id='word_1_261' title='bbox 1321 2462 1351 2518; x_wconf 82' lang='lat' dir='ltr'>(r</span> 
     </span>
     <span class='ocr_line' id='line_1_28' title="bbox 179 2526 1351 2593; baseline -0.002 -17"><span class='ocrx_word' id='word_1_262' title='bbox 179 2527 244 2576; x_wconf 78' lang='lat' dir='ltr'>add.</span> <span class='ocrx_word' id='word_1_263' title='bbox 268 2541 285 2575; x_wconf 83' lang='lat' dir='ltr'>a</span> <span class='ocrx_word' id='word_1_264' title='bbox 307 2542 363 2575; x_wconf 81' lang='lat' dir='ltr'>eea.</span> <span class='ocrx_word' id='word_1_265' title='bbox 383 2527 425 2589; x_wconf 83' lang='grc' dir='ltr'><strong>ιιι)</strong></span> <span class='ocrx_word' id='word_1_266' title='bbox 450 2526 485 2578; x_wconf 80' lang='lat' dir='ltr'>G.</span> <span class='ocrx_word' id='word_1_267' title='bbox 525 2528 679 2590; x_wconf 75' lang='lat' dir='ltr'>fabulabor</span> <span class='ocrx_word' id='word_1_268' title='bbox 699 2544 751 2593; x_wconf 59' lang='grc' dir='ltr'>η</span> <span class='ocrx_word' id='word_1_269' title='bbox 773 2528 806 2586; x_wconf 86' lang='lat' dir='ltr'>(b</span> <span class='ocrx_word' id='word_1_270' title='bbox 828 2527 855 2575; x_wconf 93' lang='lat' dir='ltr'>in</span> <span class='ocrx_word' id='word_1_271' title='bbox 880 2543 937 2590; x_wconf 69' lang='lat' dir='ltr'>mg.</span> <span class='ocrx_word' id='word_1_272' title='bbox 962 2526 1122 2585; x_wconf 76' lang='lat' dir='ltr'>famulabor.</span> <span class='ocrx_word' id='word_1_273' title='bbox 1140 2527 1221 2588; x_wconf 58' lang='lat' dir='ltr'>autb.</span> <span class='ocrx_word' id='word_1_274' title='bbox 1324 2528 1351 2574; x_wconf 83' lang='lat' dir='ltr'>b.</span> 
     </span>
     <span class='ocr_line' id='line_1_29' title="bbox 179 2590 1352 2657; baseline -0.001 -13"><span class='ocrx_word' id='word_1_275' title='bbox 179 2592 332 2644; x_wconf 65' lang='lat' dir='ltr'>munilibus</span> <span class='ocrx_word' id='word_1_276' title='bbox 349 2593 498 2644; x_wconf 86' lang='lat' dir='ltr'>manilium</span> <span class='ocrx_word' id='word_1_277' title='bbox 517 2599 593 2657; x_wconf 71' lang='grc' dir='ltr'><strong>(ευρ.</strong></span> <span class='ocrx_word' id='word_1_278' title='bbox 609 2598 638 2653; x_wconf 85' lang='grc' dir='ltr'>ο)</span> <span class='ocrx_word' id='word_1_279' title='bbox 655 2593 689 2644; x_wconf 82' lang='lat' dir='ltr'>G.</span> <span class='ocrx_word' id='word_1_280' title='bbox 708 2620 742 2633; x_wconf 92' lang='lat'>-·</span> <span class='ocrx_word' id='word_1_281' title='bbox 767 2592 901 2642; x_wconf 79' lang='lat' dir='ltr'>liminibue</span> <span class='ocrx_word' id='word_1_282' title='bbox 918 2592 1037 2642; x_wconf 84' lang='lat' dir='ltr'>liminum</span> <span class='ocrx_word' id='word_1_283' title='bbox 1050 2590 1163 2642; x_wconf 77' lang='lat' dir='ltr'>attunt.</span> <span class='ocrx_word' id='word_1_284' title='bbox 1198 2591 1352 2643; x_wconf 71' lang='lat' dir='ltr'>luminibus</span> 
     </span>
    </p>
   </div>
   <div class='ocr_carea' id='block_1_5' title="bbox 176 2761 1352 3710">
    <p class='ocr_par' dir='ltr' id='par_1_5' title="bbox 176 2761 1352 3710">
     <span class='ocr_line' id='line_1_30' title="bbox 212 2761 1352 2832; baseline -0.002 -15"><span class='ocrx_word' id='word_1_285' title='bbox 212 2766 281 2817; x_wconf 85' lang='lat' dir='ltr'>elam</span> <span class='ocrx_word' id='word_1_286' title='bbox 301 2764 392 2817; x_wconf 83' lang='lat' dir='ltr'>eeteeie</span> <span class='ocrx_word' id='word_1_287' title='bbox 412 2763 477 2832; x_wconf 87' lang='lat' dir='ltr'>eeee]</span> <span class='ocrx_word' id='word_1_288' title='bbox 502 2763 557 2816; x_wconf 81' lang='lat' dir='ltr'>vta.</span> <span class='ocrx_word' id='word_1_289' title='bbox 577 2768 632 2816; x_wconf 87' lang='lat' dir='ltr'>nol.</span> <span class='ocrx_word' id='word_1_290' title='bbox 655 2763 688 2816; x_wconf 88' lang='lat' dir='ltr'>ad</span> <span class='ocrx_word' id='word_1_291' title='bbox 714 2762 737 2831; x_wconf 87' lang='lat' dir='ltr'>l,</span> <span class='ocrx_word' id='word_1_292' title='bbox 788 2761 920 2831; x_wconf 75' lang='lat' dir='ltr'>intellige</span> <span class='ocrx_word' id='word_1_293' title='bbox 944 2762 987 2814; x_wconf 87' lang='lat' dir='ltr'>eit.</span> <span class='ocrx_word' id='word_1_294' title='bbox 1022 2761 1130 2813; x_wconf 81' lang='lat' dir='ltr'>Deinde</span> <span class='ocrx_word' id='word_1_295' title='bbox 1147 2762 1238 2832; x_wconf 79' lang='lat' dir='ltr'>iungit</span> <span class='ocrx_word' id='word_1_296' title='bbox 1258 2769 1352 2815; x_wconf 89' lang='lat' dir='ltr'>mute·</span> 
     </span>
     <span class='ocr_line' id='line_1_31' title="bbox 180 2829 1352 2897; baseline 0 -14"><span class='ocrx_word' id='word_1_297' title='bbox 180 2835 245 2895; x_wconf 66' lang='lat' dir='ltr'>m.</span> <span class='ocrx_word' id='word_1_298' title='bbox 788 2839 835 2882; x_wconf 88' lang='lat' dir='ltr'>tar</span> <span class='ocrx_word' id='word_1_299' title='bbox 869 2831 897 2882; x_wconf 88' lang='lat' dir='ltr'>in</span> <span class='ocrx_word' id='word_1_300' title='bbox 926 2829 972 2880; x_wconf 85' lang='lat' dir='ltr'>iun</span> <span class='ocrx_word' id='word_1_301' title='bbox 1014 2837 1076 2881; x_wconf 78' lang='lat' dir='ltr'>atur</span> <span class='ocrx_word' id='word_1_302' title='bbox 1104 2846 1154 2881; x_wconf 83' lang='lat' dir='ltr'>eea</span> <span class='ocrx_word' id='word_1_303' title='bbox 1183 2832 1263 2897; x_wconf 69' lang='lat' dir='ltr'>iungi</span> <span class='ocrx_word' id='word_1_304' title='bbox 1290 2831 1352 2883; x_wconf 83' lang='lat' dir='ltr'>lieet</span> 
     </span>
     <span class='ocr_line' id='line_1_32' title="bbox 211 2896 1351 2966; baseline 0.001 -17"><span class='ocrx_word' id='word_1_305' title='bbox 211 2902 238 2949; x_wconf 81' lang='lat'>2.</span> <span class='ocrx_word' id='word_1_306' title='bbox 273 2898 326 2950; x_wconf 82' lang='lat' dir='ltr'>ieta</span> <span class='ocrx_word' id='word_1_307' title='bbox 341 2899 476 2951; x_wconf 84' lang='lat' dir='ltr'>verborum</span> <span class='ocrx_word' id='word_1_308' title='bbox 494 2896 599 2950; x_wconf 83' lang='lat' dir='ltr'>navitae</span> <span class='ocrx_word' id='word_1_309' title='bbox 615 2898 738 2966; x_wconf 80' lang='lat' dir='ltr'>perculit]</span> <span class='ocrx_word' id='word_1_310' title='bbox 788 2914 872 2950; x_wconf 80' lang='lat' dir='ltr'>aenea</span> <span class='ocrx_word' id='word_1_311' title='bbox 888 2898 1075 2964; x_wconf 82' lang='lat' dir='ltr'>pcataante.“</span> <span class='ocrx_word' id='word_1_312' title='bbox 1092 2897 1176 2948; x_wconf 74' lang='lat' dir='ltr'>Zeta.</span> <span class='ocrx_word' id='word_1_313' title='bbox 1192 2925 1225 2935; x_wconf 92' lang='lat'><em>-</em></span> <span class='ocrx_word' id='word_1_314' title='bbox 1245 2898 1351 2963; x_wconf 75' lang='lat' dir='ltr'>Quidni</span> 
     </span>
     <span class='ocr_line' id='line_1_33' title="bbox 179 2963 1351 3035; baseline 0.001 -19"><span class='ocrx_word' id='word_1_315' title='bbox 179 2966 240 3018; x_wconf 83' lang='lat' dir='ltr'>Vid.</span> <span class='ocrx_word' id='word_1_316' title='bbox 258 2967 386 3033; x_wconf 78' lang='lat' dir='ltr'>prolagg.</span> <span class='ocrx_word' id='word_1_317' title='bbox 405 2985 431 3035; x_wconf 87' lang='lat' dir='ltr'>p.</span> <span class='ocrx_word' id='word_1_318' title='bbox 450 2982 518 3017; x_wconf 81' lang='lat' dir='ltr'>xcrr.</span> <span class='ocrx_word' id='word_1_319' title='bbox 554 2964 657 3017; x_wconf 81' lang='lat' dir='ltr'>Eodem</span> <span class='ocrx_word' id='word_1_320' title='bbox 675 2982 739 3033; x_wconf 85' lang='lat' dir='ltr'>per·</span> <span class='ocrx_word' id='word_1_321' title='bbox 788 2967 861 3018; x_wconf 87' lang='lat' dir='ltr'>idem</span> <span class='ocrx_word' id='word_1_322' title='bbox 881 2980 963 3017; x_wconf 73' lang='lat' dir='ltr'>aneu·</span> <span class='ocrx_word' id='word_1_323' title='bbox 980 2963 1037 3016; x_wconf 86' lang='lat' dir='ltr'>diei</span> <span class='ocrx_word' id='word_1_324' title='bbox 1055 2964 1281 3034; x_wconf 83' lang='lat' dir='ltr'>poteetlungere</span> <span class='ocrx_word' id='word_1_325' title='bbox 1300 2983 1351 3017; x_wconf 93' lang='lat' dir='ltr'>no-</span> 
     </span>
     <span class='ocr_line' id='line_1_34' title="bbox 179 3031 886 3103; baseline -0.004 -16"><span class='ocrx_word' id='word_1_326' title='bbox 179 3031 249 3087; x_wconf 87' lang='lat' dir='ltr'>tinet</span> <span class='ocrx_word' id='word_1_327' title='bbox 270 3033 299 3086; x_wconf 87' lang='lat' dir='ltr'>id</span> <span class='ocrx_word' id='word_1_328' title='bbox 323 3034 397 3100; x_wconf 85' lang='lat' dir='ltr'>quod</span> <span class='ocrx_word' id='word_1_329' title='bbox 417 3033 556 3101; x_wconf 74' lang='lat' dir='ltr'>nequitur,</span> <span class='ocrx_word' id='word_1_330' title='bbox 582 3040 613 3087; x_wconf 86' lang='lat' dir='ltr'>ut</span> <span class='ocrx_word' id='word_1_331' title='bbox 636 3035 739 3103; x_wconf 71' lang='lat' dir='ltr'>regalia</span> <span class='ocrx_word' id='word_1_332' title='bbox 789 3032 886 3086; x_wconf 67' lang='lat' dir='ltr'>miani</span> 
     </span>
     <span class='ocr_line' id='line_1_35' title="bbox 177 3097 1350 3170; baseline -0.001 -17"><span class='ocrx_word' id='word_1_333' title='bbox 177 3102 301 3170; x_wconf 85' lang='lat' dir='ltr'>plaeet.</span> <span class='ocrx_word' id='word_1_334' title='bbox 822 3104 848 3153; x_wconf 83' lang='lat'>4.</span> <span class='ocrx_word' id='word_1_335' title='bbox 883 3099 984 3169; x_wconf 82' lang='lat' dir='ltr'>magis]</span> <span class='ocrx_word' id='word_1_336' title='bbox 1011 3098 1071 3152; x_wconf 85' lang='lat' dir='ltr'>l&#39;id.</span> <span class='ocrx_word' id='word_1_337' title='bbox 1098 3104 1155 3151; x_wconf 87' lang='lat' dir='ltr'>not.</span> <span class='ocrx_word' id='word_1_338' title='bbox 1182 3100 1217 3151; x_wconf 88' lang='lat' dir='ltr'>ad</span> <span class='ocrx_word' id='word_1_339' title='bbox 1243 3097 1350 3152; x_wconf 80' lang='lat' dir='ltr'>comm.</span> 
     </span>
     <span class='ocr_line' id='line_1_36' title="bbox 212 3164 933 3237; baseline -0.001 -18"><span class='ocrx_word' id='word_1_340' title='bbox 212 3169 303 3237; x_wconf 75' lang='lat' dir='ltr'>magia</span> <span class='ocrx_word' id='word_1_341' title='bbox 319 3204 346 3219; x_wconf 87' lang='lat'>..</span> <span class='ocrx_word' id='word_1_342' title='bbox 363 3166 471 3234; x_wconf 87' lang='lat' dir='ltr'>maluit]</span> <span class='ocrx_word' id='word_1_343' title='bbox 489 3164 544 3218; x_wconf 87' lang='lat' dir='ltr'>llle</span> <span class='ocrx_word' id='word_1_344' title='bbox 560 3167 739 3233; x_wconf 73' lang='lat' dir='ltr'>pleonasmus</span> <span class='ocrx_word' id='word_1_345' title='bbox 789 3168 827 3231; x_wconf 82' lang='lat' dir='ltr'>ll,</span> <span class='ocrx_word' id='word_1_346' title='bbox 846 3173 872 3233; x_wconf 78' lang='lat'>5,</span> <span class='ocrx_word' id='word_1_347' title='bbox 890 3170 933 3218; x_wconf 79' lang='lat'>81.</span> 
     </span>
     <span class='ocr_line' id='line_1_37' title="bbox 178 3234 1350 3302; baseline 0 -17"><span class='ocrx_word' id='word_1_348' title='bbox 178 3234 345 3302; x_wconf 71' lang='lat' dir='ltr'>posterioria</span> <span class='ocrx_word' id='word_1_349' title='bbox 362 3241 469 3286; x_wconf 86' lang='lat' dir='ltr'>tantum</span> <span class='ocrx_word' id='word_1_350' title='bbox 483 3236 584 3286; x_wconf 77' lang='lat' dir='ltr'>aetati·</span> <span class='ocrx_word' id='word_1_351' title='bbox 601 3241 654 3287; x_wconf 79' lang='lat' dir='ltr'>eet.</span> <span class='ocrx_word' id='word_1_352' title='bbox 679 3234 739 3288; x_wconf 84' lang='lat' dir='ltr'>l&#39;id.</span> <span class='ocrx_word' id='word_1_353' title='bbox 819 3235 976 3302; x_wconf 74' lang='lat' dir='ltr'>famulabar</span> <span class='ocrx_word' id='word_1_354' title='bbox 991 3242 1080 3286; x_wconf 82' lang='lat' dir='ltr'>tamen</span> <span class='ocrx_word' id='word_1_355' title='bbox 1098 3234 1208 3286; x_wconf 88' lang='lat' dir='ltr'>arbitria</span> <span class='ocrx_word' id='word_1_356' title='bbox 1226 3234 1350 3301; x_wconf 81' lang='lat' dir='ltr'>iubentia]</span> 
     </span>
     <span class='ocr_line' id='line_1_38' title="bbox 180 3301 1352 3369; baseline -0.002 -14"><span class='ocrx_word' id='word_1_357' title='bbox 180 3302 271 3355; x_wconf 82' lang='lat' dir='ltr'>fland.</span> <span class='ocrx_word' id='word_1_358' title='bbox 289 3301 416 3353; x_wconf 80' lang='lat' dir='ltr'>Tureell.</span> <span class='ocrx_word' id='word_1_359' title='bbox 435 3302 491 3368; x_wconf 91' lang='lat' dir='ltr'>lll,</span> <span class='ocrx_word' id='word_1_360' title='bbox 514 3319 541 3369; x_wconf 87' lang='lat' dir='ltr'>p.</span> <span class='ocrx_word' id='word_1_361' title='bbox 559 3306 619 3354; x_wconf 73' lang='lat'><strong>576.</strong></span> <span class='ocrx_word' id='word_1_362' title='bbox 789 3302 809 3355; x_wconf 84' lang='lat' dir='ltr'>i.</span> <span class='ocrx_word' id='word_1_363' title='bbox 830 3320 854 3355; x_wconf 90' lang='lat' dir='ltr'>e.</span> <span class='ocrx_word' id='word_1_364' title='bbox 877 3303 1076 3369; x_wconf 82' lang='lat' dir='ltr'>obtemperabo</span> <span class='ocrx_word' id='word_1_365' title='bbox 1103 3303 1243 3353; x_wconf 76' lang='lat' dir='ltr'>volantati</span> <span class='ocrx_word' id='word_1_366' title='bbox 1268 3302 1352 3368; x_wconf 79' lang='lat' dir='ltr'>Sym·</span> 
     </span>
     <span class='ocr_line' id='line_1_39' title="bbox 211 3368 1350 3487; baseline 0.001 -68"><span class='ocrx_word' id='word_1_367' title='bbox 211 3372 238 3419; x_wconf 74' lang='grc'>3.</span> <span class='ocrx_word' id='word_1_368' title='bbox 272 3368 430 3487; x_wconf 61' lang='lat' dir='ltr'>appellatirg</span> <span class='ocrx_word' id='word_1_369' title='bbox 454 3369 473 3421; x_wconf 91' lang='lat' dir='ltr'>i.</span> <span class='ocrx_word' id='word_1_370' title='bbox 494 3385 518 3421; x_wconf 91' lang='lat' dir='ltr'>e.</span> <span class='ocrx_word' id='word_1_371' title='bbox 544 3384 642 3421; x_wconf 84' lang='lat' dir='ltr'>nornen</span> <span class='ocrx_word' id='word_1_372' title='bbox 673 3370 740 3421; x_wconf 85' lang='lat' dir='ltr'>eub-</span> <span class='ocrx_word' id='word_1_373' title='bbox 790 3371 943 3433; x_wconf 84' lang='lat' dir='ltr'>meebi‚ut</span> <span class='ocrx_word' id='word_1_374' title='bbox 962 3368 1350 3431; x_wconf 75' lang='lat' dir='ltr'>aitCaeearB.G.l,bb,l.</span> 
     </span>
     <span class='ocr_line' id='line_1_40' title="bbox 178 3435 1350 3506; baseline -0.002 -17"><span class='ocrx_word' id='word_1_375' title='bbox 178 3435 343 3499; x_wconf 76' lang='lat' dir='ltr'>atriaticum,</span> <span class='ocrx_word' id='word_1_376' title='bbox 360 3443 391 3487; x_wconf 88' lang='lat' dir='ltr'>at</span> <span class='ocrx_word' id='word_1_377' title='bbox 429 3451 513 3489; x_wconf 85' lang='lat' dir='ltr'>emm.</span> <span class='ocrx_word' id='word_1_378' title='bbox 525 3436 563 3498; x_wconf 84' lang='grc'>11,</span> <span class='ocrx_word' id='word_1_379' title='bbox 575 3442 615 3502; x_wconf 78' lang='grc'>15,</span> <span class='ocrx_word' id='word_1_380' title='bbox 630 3440 670 3488; x_wconf 78' lang='lat' dir='ltr'>ta.</span> <span class='ocrx_word' id='word_1_381' title='bbox 689 3453 740 3489; x_wconf 86' lang='lat' dir='ltr'>no·</span> <span class='ocrx_word' id='word_1_382' title='bbox 823 3437 1350 3506; x_wconf 69' lang='lat' dir='ltr'>tnana0t018e1mar.u.t’t.p.teau,</span> 
     </span>
     <span class='ocr_line' id='line_1_41' title="bbox 178 3503 1352 3571; baseline 0.001 -16"><span class='ocrx_word' id='word_1_383' title='bbox 178 3519 242 3555; x_wconf 85' lang='lat' dir='ltr'>mea</span> <span class='ocrx_word' id='word_1_384' title='bbox 260 3503 440 3555; x_wconf 83' lang='lat' dir='ltr'>adiectivnm.</span> <span class='ocrx_word' id='word_1_385' title='bbox 461 3503 740 3571; x_wconf 66' lang='lat' dir='ltr'>caeninensium.</span> <span class='ocrx_word' id='word_1_386' title='bbox 790 3504 845 3556; x_wconf 87' lang='lat' dir='ltr'>boa</span> <span class='ocrx_word' id='word_1_387' title='bbox 868 3505 930 3556; x_wconf 85' lang='lat' dir='ltr'>loeo</span> <span class='ocrx_word' id='word_1_388' title='bbox 957 3506 1047 3557; x_wconf 81' lang='lat' dir='ltr'>allato</span> <span class='ocrx_word' id='word_1_389' title='bbox 1072 3506 1230 3558; x_wconf 81' lang='lat' dir='ltr'>adnatavita</span> <span class='ocrx_word' id='word_1_390' title='bbox 1264 3504 1352 3569; x_wconf 57' lang='lat' dir='ltr'>‚daei-</span> 
     </span>
     <span class='ocr_line' id='line_1_42' title="bbox 177 3567 1351 3639; baseline 0.001 -18"><span class='ocrx_word' id='word_1_391' title='bbox 177 3569 228 3637; x_wconf 82' lang='lat' dir='ltr'>lx,</span> <span class='ocrx_word' id='word_1_392' title='bbox 245 3572 273 3633; x_wconf 78' lang='lat' dir='ltr'>b,</span> <span class='ocrx_word' id='word_1_393' title='bbox 291 3574 315 3622; x_wconf 83' lang='grc'>9.</span> <span class='ocrx_word' id='word_1_394' title='bbox 334 3589 393 3623; x_wconf 87' lang='lat' dir='ltr'>eam</span> <span class='ocrx_word' id='word_1_395' title='bbox 410 3573 515 3638; x_wconf 77' lang='lat' dir='ltr'>infinito</span> <span class='ocrx_word' id='word_1_396' title='bbox 530 3573 606 3624; x_wconf 84' lang='lat' dir='ltr'>uerbo</span> <span class='ocrx_word' id='word_1_397' title='bbox 624 3574 658 3624; x_wconf 85' lang='lat' dir='ltr'>eit</span> <span class='ocrx_word' id='word_1_398' title='bbox 675 3590 740 3624; x_wconf 83' lang='lat' dir='ltr'>aeae</span> <span class='ocrx_word' id='word_1_399' title='bbox 792 3588 877 3624; x_wconf 78' lang='lat' dir='ltr'>auare</span> <span class='ocrx_word' id='word_1_400' title='bbox 915 3578 959 3625; x_wconf 81' lang='lat' dir='ltr'>eet</span> <span class='ocrx_word' id='word_1_401' title='bbox 999 3567 1149 3638; x_wconf 74' lang='grc' dir='ltr'><strong><em>διδάσκειν,</em></strong></span> <span class='ocrx_word' id='word_1_402' title='bbox 1188 3568 1351 3639; x_wconf 72' lang='grc' dir='ltr'>ἐμφανίζειν.</span> 
     </span>
     <span class='ocr_line' id='line_1_43' title="bbox 176 3638 1352 3710; baseline 0.003 -23"><span class='ocrx_word' id='word_1_403' title='bbox 176 3655 226 3705; x_wconf 84' lang='lat' dir='ltr'>pre</span> <span class='ocrx_word' id='word_1_404' title='bbox 245 3639 489 3707; x_wconf 81' lang='lat' dir='ltr'>appellatione,</span> <span class='ocrx_word' id='word_1_405' title='bbox 508 3647 536 3691; x_wconf 89' lang='lat' dir='ltr'>et</span> <span class='ocrx_word' id='word_1_406' title='bbox 554 3640 593 3692; x_wconf 82' lang='lat' dir='ltr'>ib.</span> <span class='ocrx_word' id='word_1_407' title='bbox 613 3638 636 3704; x_wconf 87' lang='lat' dir='ltr'>l,</span> <span class='ocrx_word' id='word_1_408' title='bbox 651 3642 677 3702; x_wconf 82' lang='lat'>4,</span> <span class='ocrx_word' id='word_1_409' title='bbox 692 3644 737 3692; x_wconf 74' lang='grc'>20.</span> <span class='ocrx_word' id='word_1_410' title='bbox 792 3639 861 3691; x_wconf 92' lang='lat' dir='ltr'>lnde</span> <span class='ocrx_word' id='word_1_411' title='bbox 877 3646 1001 3690; x_wconf 73' lang='lat' dir='ltr'>nortiam</span> <span class='ocrx_word' id='word_1_412' title='bbox 1018 3641 1184 3710; x_wconf 78' lang='lat' dir='ltr'>enseigaer.“</span> <span class='ocrx_word' id='word_1_413' title='bbox 1208 3640 1269 3691; x_wconf 79' lang='lat' dir='ltr'>Vitl-</span> <span class='ocrx_word' id='word_1_414' title='bbox 1286 3652 1352 3707; x_wconf 78' lang='lat' dir='ltr'>pee-</span> 
     </span>
    </p>
   </div>
   <div class='ocr_carea' id='block_1_6' title="bbox 24 3690 1011 3775">
    <p class='ocr_par' dir='ltr' id='par_1_6' title="bbox 24 3690 1011 3775">
     <span class='ocr_line' id='line_1_44' title="bbox 24 3690 1011 3775; baseline 0.017 -26"><span class='ocrx_word' id='word_1_415' title='bbox 24 3690 71 3743; x_wconf 62' lang='lat'>3&#39;5&#39;-</span> <span class='ocrx_word' id='word_1_416' title='bbox 175 3708 286 3769; x_wconf 70' lang='lat' dir='ltr'>fuerant</span> <span class='ocrx_word' id='word_1_417' title='bbox 304 3708 350 3775; x_wconf 83' lang='lat' dir='ltr'>qui</span> <span class='ocrx_word' id='word_1_418' title='bbox 366 3708 454 3773; x_wconf 73' lang='lat' dir='ltr'>ipsum</span> <span class='ocrx_word' id='word_1_419' title='bbox 474 3707 561 3759; x_wconf 80' lang='lat' dir='ltr'>adbuc</span> <span class='ocrx_word' id='word_1_420' title='bbox 583 3708 737 3760; x_wconf 81' lang='lat' dir='ltr'>uocabulum</span> <span class='ocrx_word' id='word_1_421' title='bbox 793 3708 870 3774; x_wconf 73' lang='lat' dir='ltr'>legg.</span> <span class='ocrx_word' id='word_1_422' title='bbox 890 3724 916 3773; x_wconf 78' lang='lat' dir='ltr'>p.</span> <span class='ocrx_word' id='word_1_423' title='bbox 937 3723 1011 3758; x_wconf 72' lang='lat' dir='ltr'>mv·</span> 
     </span>
    </p>
   </div>
   <div class='ocr_carea' id='block_1_7' title="bbox 80 3771 1352 4041">
    <p class='ocr_par' dir='ltr' id='par_1_7' title="bbox 68 3771 1352 4041">
     <span class='ocr_line' id='line_1_45' title="bbox 80 3771 1350 3841; baseline 0 -18"><span class='ocrx_word' id='word_1_424' title='bbox 80 3778 90 3795; x_wconf 87' lang='lat'>¹·</span> <span class='ocrx_word' id='word_1_425' title='bbox 179 3774 213 3823; x_wconf 86' lang='lat' dir='ltr'>ab</span> <span class='ocrx_word' id='word_1_426' title='bbox 228 3774 454 3840; x_wconf 73' lang='lat' dir='ltr'>appellatione</span> <span class='ocrx_word' id='word_1_427' title='bbox 470 3775 632 3839; x_wconf 83' lang='lat' dir='ltr'>diducereat,</span> <span class='ocrx_word' id='word_1_428' title='bbox 650 3783 681 3828; x_wconf 89' lang='lat' dir='ltr'>ut</span> <span class='ocrx_word' id='word_1_429' title='bbox 696 3792 738 3827; x_wconf 83' lang='lat' dir='ltr'>ee·</span> <span class='ocrx_word' id='word_1_430' title='bbox 826 3778 850 3825; x_wconf 85' lang='lat' dir='ltr'>b.</span> <span class='ocrx_word' id='word_1_431' title='bbox 887 3791 954 3841; x_wconf 79' lang='lat' dir='ltr'>qaae</span> <span class='ocrx_word' id='word_1_432' title='bbox 969 3773 1089 3824; x_wconf 80' lang='lat' dir='ltr'>datiuum</span> <span class='ocrx_word' id='word_1_433' title='bbox 1102 3771 1233 3839; x_wconf 75' lang='lat' dir='ltr'>pluralem</span> <span class='ocrx_word' id='word_1_434' title='bbox 1252 3772 1279 3822; x_wconf 87' lang='lat' dir='ltr'>in</span> <span class='ocrx_word' id='word_1_435' title='bbox 1292 3772 1350 3823; x_wconf 77' lang='lat' dir='ltr'>bae</span> 
     </span>
     <span class='ocr_line' id='line_1_46' title="bbox 80 3836 1351 3909; baseline 0 -19"><span class='ocrx_word' id='word_1_436' title='bbox 80 3890 85 3901; x_wconf 82' lang='grc'>,</span> <span class='ocrx_word' id='word_1_437' title='bbox 178 3847 217 3890; x_wconf 86' lang='lat' dir='ltr'>eet</span> <span class='ocrx_word' id='word_1_438' title='bbox 240 3841 396 3891; x_wconf 76' lang='lat' dir='ltr'>vocabalum</span> <span class='ocrx_word' id='word_1_439' title='bbox 419 3859 512 3909; x_wconf 84' lang='lat' dir='ltr'>eorpue</span> <span class='ocrx_word' id='word_1_440' title='bbox 533 3842 593 3893; x_wconf 81' lang='lat' dir='ltr'>viee</span> <span class='ocrx_word' id='word_1_441' title='bbox 615 3848 739 3908; x_wconf 76' lang='lat' dir='ltr'>tactaque</span> <span class='ocrx_word' id='word_1_442' title='bbox 791 3841 910 3908; x_wconf 86' lang='lat' dir='ltr'>mittunt]</span> <span class='ocrx_word' id='word_1_443' title='bbox 942 3842 1025 3892; x_wconf 82' lang='lat' dir='ltr'>blane</span> <span class='ocrx_word' id='word_1_444' title='bbox 1051 3839 1136 3890; x_wconf 83' lang='lat' dir='ltr'>baiae</span> <span class='ocrx_word' id='word_1_445' title='bbox 1163 3836 1241 3889; x_wconf 86' lang='lat' dir='ltr'>verbl</span> <span class='ocrx_word' id='word_1_446' title='bbox 1269 3854 1351 3890; x_wconf 83' lang='lat' dir='ltr'>naara</span> 
     </span>
     <span class='ocr_line' id='line_1_47' title="bbox 177 3903 1352 3976; baseline 0.001 -18.915"><span class='ocrx_word' id='word_1_447' title='bbox 177 3907 364 3970; x_wconf 59' lang='lat' dir='ltr'>mammetem,</span> <span class='ocrx_word' id='word_1_448' title='bbox 381 3909 485 3970; x_wconf 81' lang='lat' dir='ltr'>damae,</span> <span class='ocrx_word' id='word_1_449' title='bbox 508 3909 605 3961; x_wconf 81' lang='lat' dir='ltr'>lectae:</span> <span class='ocrx_word' id='word_1_450' title='bbox 626 3911 739 3976; x_wconf 87' lang='lat' dir='ltr'>appel·</span> <span class='ocrx_word' id='word_1_451' title='bbox 791 3910 865 3962; x_wconf 78' lang='lat' dir='ltr'>aliae</span> <span class='ocrx_word' id='word_1_452' title='bbox 879 3922 1015 3975; x_wconf 78' lang='lat' dir='ltr'>nusquam</span> <span class='ocrx_word' id='word_1_453' title='bbox 1029 3906 1133 3958; x_wconf 81' lang='lat' dir='ltr'>inveni.</span> <span class='ocrx_word' id='word_1_454' title='bbox 1167 3903 1286 3958; x_wconf 73' lang='lat' dir='ltr'>Nomina</span> <span class='ocrx_word' id='word_1_455' title='bbox 1304 3922 1352 3958; x_wconf 80' lang='lat' dir='ltr'>aa·</span> 
     </span>
     <span class='ocr_line' id='line_1_48' title="bbox 179 3972 1351 4041; baseline 0 -18"><span class='ocrx_word' id='word_1_456' title='bbox 179 3972 277 4034; x_wconf 80' lang='lat' dir='ltr'>latia,</span> <span class='ocrx_word' id='word_1_457' title='bbox 306 3973 349 4023; x_wconf 88' lang='lat' dir='ltr'>eui</span> <span class='ocrx_word' id='word_1_458' title='bbox 375 3975 418 4024; x_wconf 82' lang='lat' dir='ltr'>eet</span> <span class='ocrx_word' id='word_1_459' title='bbox 442 3976 553 4027; x_wconf 77' lang='lat' dir='ltr'>atterm</span> <span class='ocrx_word' id='word_1_460' title='bbox 578 3976 677 4031; x_wconf 78' lang='lat' dir='ltr'>deesset</span> <span class='ocrx_word' id='word_1_461' title='bbox 698 3977 740 4028; x_wconf 84' lang='lat' dir='ltr'>cel</span> <span class='ocrx_word' id='word_1_462' title='bbox 791 3994 839 4028; x_wconf 78' lang='lat' dir='ltr'>aaa</span> <span class='ocrx_word' id='word_1_463' title='bbox 858 3977 970 4027; x_wconf 85' lang='lat' dir='ltr'>mittere</span> <span class='ocrx_word' id='word_1_464' title='bbox 982 3975 1122 4036; x_wconf 83' lang='lat' dir='ltr'>dieantur,</span> <span class='ocrx_word' id='word_1_465' title='bbox 1139 3978 1170 4023; x_wconf 90' lang='lat' dir='ltr'>nt</span> <span class='ocrx_word' id='word_1_466' title='bbox 1188 3972 1293 4041; x_wconf 84' lang='lat' dir='ltr'>atirpee</span> <span class='ocrx_word' id='word_1_467' title='bbox 1307 3974 1351 4023; x_wconf 80' lang='lat' dir='ltr'>ta-</span> 
     </span>
    </p>
   </div>
   <div class='ocr_carea' id='block_1_8' title="bbox 39 4030 1351 4109">
    <p class='ocr_par' dir='ltr' id='par_1_8' title="bbox 39 4030 1351 4109">
     <span class='ocr_line' id='line_1_49' title="bbox 39 4030 1351 4109; baseline 0.001 -20"><span class='ocrx_word' id='word_1_468' title='bbox 39 4040 42 4045; x_wconf 89' lang='grc'><strong>’</strong></span> <span class='ocrx_word' id='word_1_469' title='bbox 74 4030 85 4039; x_wconf 71' lang='grc'>”</span> <span class='ocrx_word' id='word_1_470' title='bbox 126 4048 133 4065; x_wconf 92' lang='grc'>·’</span> <span class='ocrx_word' id='word_1_471' title='bbox 178 4048 327 4105; x_wconf 78' lang='lat' dir='ltr'>utramque,</span> <span class='ocrx_word' id='word_1_472' title='bbox 346 4047 448 4103; x_wconf 75' lang='lat' dir='ltr'>cartae,</span> <span class='ocrx_word' id='word_1_473' title='bbox 467 4042 575 4109; x_wconf 86' lang='lat' dir='ltr'>eoelum,</span> <span class='ocrx_word' id='word_1_474' title='bbox 593 4044 666 4107; x_wconf 85' lang='lat' dir='ltr'>deae,</span> <span class='ocrx_word' id='word_1_475' title='bbox 685 4046 740 4094; x_wconf 84' lang='lat' dir='ltr'>uir·</span> <span class='ocrx_word' id='word_1_476' title='bbox 790 4044 830 4094; x_wconf 90' lang='lat' dir='ltr'>lia</span> <span class='ocrx_word' id='word_1_477' title='bbox 849 4051 877 4095; x_wconf 89' lang='lat' dir='ltr'>et</span> <span class='ocrx_word' id='word_1_478' title='bbox 895 4042 990 4105; x_wconf 79' lang='lat' dir='ltr'>iborea,</span> <span class='ocrx_word' id='word_1_479' title='bbox 1005 4040 1043 4091; x_wconf 77' lang='lat' dir='ltr'>ei.</span> <span class='ocrx_word' id='word_1_480' title='bbox 1060 4040 1135 4091; x_wconf 69' lang='lat' dir='ltr'>utta.</span> <span class='ocrx_word' id='word_1_481' title='bbox 1151 4038 1184 4091; x_wconf 86' lang='lat' dir='ltr'>N.</span> <span class='ocrx_word' id='word_1_482' title='bbox 1197 4040 1233 4091; x_wconf 81' lang='grc' dir='ltr'>Η.</span> <span class='ocrx_word' id='word_1_483' title='bbox 1249 4040 1351 4104; x_wconf 71' lang='lat' dir='ltr'>ttulit,</span> 
     </span>
    </p>
   </div>
   <div class='ocr_carea' id='block_1_9' title="bbox 179 4106 1351 4309">
    <p class='ocr_par' dir='ltr' id='par_1_9' title="bbox 179 4106 1351 4309">
     <span class='ocr_line' id='line_1_50' title="bbox 179 4106 1351 4174; baseline 0 -16"><span class='ocrx_word' id='word_1_484' title='bbox 179 4113 230 4158; x_wconf 78' lang='lat' dir='ltr'>tae.</span> <span class='ocrx_word' id='word_1_485' title='bbox 789 4117 847 4161; x_wconf 79' lang='lat' dir='ltr'>te.</span> <span class='ocrx_word' id='word_1_486' title='bbox 869 4114 907 4162; x_wconf 85' lang='lat' dir='ltr'>ltl.</span> <span class='ocrx_word' id='word_1_487' title='bbox 933 4112 949 4173; x_wconf 70' lang='grc' dir='ltr'><strong>ς</strong></span> <span class='ocrx_word' id='word_1_488' title='bbox 971 4112 1006 4159; x_wconf 82' lang='lat' dir='ltr'>aa</span> <span class='ocrx_word' id='word_1_489' title='bbox 1026 4106 1091 4159; x_wconf 85' lang='lat' dir='ltr'>Sill.</span> <span class='ocrx_word' id='word_1_490' title='bbox 1118 4108 1247 4160; x_wconf 77' lang='lat' dir='ltr'>Folium</span> <span class='ocrx_word' id='word_1_491' title='bbox 1270 4123 1351 4174; x_wconf 77' lang='lat' dir='ltr'>qaae-</span> 
     </span>
     <span class='ocr_line' id='line_1_51' title="bbox 211 4171 1351 4243; baseline 0 -20"><span class='ocrx_word' id='word_1_492' title='bbox 211 4171 316 4237; x_wconf 79' lang='lat' dir='ltr'>eomen]</span> <span class='ocrx_word' id='word_1_493' title='bbox 336 4188 375 4223; x_wconf 79' lang='lat' dir='ltr'>aa.</span> <span class='ocrx_word' id='word_1_494' title='bbox 398 4171 579 4226; x_wconf 82' lang='lat' dir='ltr'>adieetirnm.</span> <span class='ocrx_word' id='word_1_495' title='bbox 790 4178 853 4229; x_wconf 83' lang='lat' dir='ltr'>dam</span> <span class='ocrx_word' id='word_1_496' title='bbox 871 4178 904 4228; x_wconf 89' lang='lat' dir='ltr'>ab</span> <span class='ocrx_word' id='word_1_497' title='bbox 922 4176 1014 4227; x_wconf 84' lang='lat' dir='ltr'>radiae</span> <span class='ocrx_word' id='word_1_498' title='bbox 1031 4176 1169 4229; x_wconf 73' lang='lat' dir='ltr'>mittant</span> <span class='ocrx_word' id='word_1_499' title='bbox 1183 4176 1314 4243; x_wconf 76' lang='lat' dir='ltr'>quaedam</span> <span class='ocrx_word' id='word_1_500' title='bbox 1331 4190 1351 4223; x_wconf 78' lang='lat' dir='ltr'>a</span> 
     </span>
     <span class='ocr_line' id='line_1_52' title="bbox 210 4239 1351 4309; baseline 0.001 -19"><span class='ocrx_word' id='word_1_501' title='bbox 210 4254 264 4291; x_wconf 80' lang='lat' dir='ltr'>nan</span> <span class='ocrx_word' id='word_1_502' title='bbox 280 4240 388 4291; x_wconf 87' lang='lat' dir='ltr'>dubiam</span> <span class='ocrx_word' id='word_1_503' title='bbox 405 4239 453 4308; x_wconf 84' lang='lat' dir='ltr'>eet]</span> <span class='ocrx_word' id='word_1_504' title='bbox 475 4240 606 4309; x_wconf 68' lang='lat' dir='ltr'>Iungitur</span> <span class='ocrx_word' id='word_1_505' title='bbox 624 4256 739 4295; x_wconf 80' lang='lat' dir='ltr'>aecnea-</span> <span class='ocrx_word' id='word_1_506' title='bbox 790 4246 941 4305; x_wconf 69' lang='lat' dir='ltr'>eaeemlaee</span> <span class='ocrx_word' id='word_1_507' title='bbox 955 4241 1053 4307; x_wconf 79' lang='lat' dir='ltr'>tttttV,</span> <span class='ocrx_word' id='word_1_508' title='bbox 1066 4246 1084 4293; x_wconf 76' lang='grc'>9</span> <span class='ocrx_word' id='word_1_509' title='bbox 1098 4260 1122 4295; x_wconf 84' lang='lat' dir='ltr'>e.</span> <span class='ocrx_word' id='word_1_510' title='bbox 1133 4248 1177 4295; x_wconf 73' lang='grc'>88.</span> <span class='ocrx_word' id='word_1_511' title='bbox 1195 4244 1208 4309; x_wconf 68' lang='grc'><strong>5</strong></span> <span class='ocrx_word' id='word_1_512' title='bbox 1225 4246 1269 4292; x_wconf 89' lang='lat' dir='ltr'>eo.</span> <span class='ocrx_word' id='word_1_513' title='bbox 1291 4241 1351 4292; x_wconf 83' lang='lat' dir='ltr'>Pri·</span> 
     </span>
    </p>
   </div>
   <div class='ocr_carea' id='block_1_10' title="bbox 177 4306 1349 4446">
    <p class='ocr_par' dir='ltr' id='par_1_10' title="bbox 177 4306 1349 4446">
     <span class='ocr_line' id='line_1_53' title="bbox 178 4306 1349 4426; baseline 0.002 -69"><span class='ocrx_word' id='word_1_514' title='bbox 178 4307 237 4389; x_wconf 66' lang='lat' dir='ltr'>tiro</span> <span class='ocrx_word' id='word_1_515' title='bbox 256 4322 318 4358; x_wconf 85' lang='lat' dir='ltr'>euin</span> <span class='ocrx_word' id='word_1_516' title='bbox 338 4306 479 4361; x_wconf 73' lang='lat' dir='ltr'>infinitivo</span> <span class='ocrx_word' id='word_1_517' title='bbox 498 4309 740 4377; x_wconf 74' lang='lat' dir='ltr'>ut1,2,10.de-</span> <span class='ocrx_word' id='word_1_518' title='bbox 790 4328 835 4363; x_wconf 80' lang='lat' dir='ltr'>ara</span> <span class='ocrx_word' id='word_1_519' title='bbox 856 4311 1071 4377; x_wconf 68' lang='lat' dir='ltr'>(alienabat</span> <span class='ocrx_word' id='word_1_520' title='bbox 1089 4310 1219 4426; x_wconf 50' lang='lat' dir='ltr'>¹plectam</span> <span class='ocrx_word' id='word_1_521' title='bbox 1244 4307 1349 4359; x_wconf 85' lang='lat' dir='ltr'>mittit</span> 
     </span>
     <span class='ocr_line' id='line_1_54' title="bbox 177 4373 1349 4446; baseline 0.001 -21"><span class='ocrx_word' id='word_1_522' title='bbox 177 4376 261 4426; x_wconf 82' lang='lat' dir='ltr'>bitere</span> <span class='ocrx_word' id='word_1_523' title='bbox 277 4394 329 4426; x_wconf 84' lang='lat' dir='ltr'>aaa</span> <span class='ocrx_word' id='word_1_524' title='bbox 346 4376 433 4428; x_wconf 85' lang='lat' dir='ltr'>debeo.</span> <span class='ocrx_word' id='word_1_525' title='bbox 790 4396 848 4433; x_wconf 82' lang='lat' dir='ltr'>eam</span> <span class='ocrx_word' id='word_1_526' title='bbox 907 4394 1011 4446; x_wconf 72' lang='lat' dir='ltr'>sperae.</span> <span class='ocrx_word' id='word_1_527' title='bbox 1034 4404 1068 4416; x_wconf 92' lang='lat'>-</span> <span class='ocrx_word' id='word_1_528' title='bbox 1115 4392 1132 4427; x_wconf 94' lang='lat' dir='ltr'>e</span> <span class='ocrx_word' id='word_1_529' title='bbox 1154 4392 1186 4428; x_wconf 77' lang='lat' dir='ltr'>re</span> <span class='ocrx_word' id='word_1_530' title='bbox 1206 4375 1269 4441; x_wconf 71' lang='lat' dir='ltr'>ipen</span> <span class='ocrx_word' id='word_1_531' title='bbox 1292 4373 1349 4426; x_wconf 78' lang='lat' dir='ltr'>vta.</span> 
     </span>
    </p>
   </div>
   <div class='ocr_carea' id='block_1_11' title="bbox 176 4442 1350 4581">
    <p class='ocr_par' dir='ltr' id='par_1_11' title="bbox 176 4442 1350 4581">
     <span class='ocr_line' id='line_1_55' title="bbox 211 4442 1349 4508; baseline 0.002 -16"><span class='ocrx_word' id='word_1_532' title='bbox 211 4449 235 4493; x_wconf 88' lang='lat' dir='ltr'>et</span> <span class='ocrx_word' id='word_1_533' title='bbox 250 4444 303 4495; x_wconf 79' lang='lat' dir='ltr'>aiei</span> <span class='ocrx_word' id='word_1_534' title='bbox 320 4461 398 4495; x_wconf 76' lang='lat' dir='ltr'>casae</span> <span class='ocrx_word' id='word_1_535' title='bbox 416 4444 486 4497; x_wconf 80' lang='lat' dir='ltr'>idem</span> <span class='ocrx_word' id='word_1_536' title='bbox 503 4446 612 4498; x_wconf 74' lang='lat' dir='ltr'>nemine</span> <span class='ocrx_word' id='word_1_537' title='bbox 686 4462 740 4497; x_wconf 78' lang='lat' dir='ltr'>aaa</span> <span class='ocrx_word' id='word_1_538' title='bbox 790 4446 857 4498; x_wconf 69' lang='lat' dir='ltr'>cm.</span> <span class='ocrx_word' id='word_1_539' title='bbox 889 4442 1349 4508; x_wconf 54' lang='lat' dir='ltr'>chamaanrormeetpsoaeqq.</span> 
     </span>
     <span class='ocr_line' id='line_1_56' title="bbox 176 4510 1350 4581; baseline 0.003 -21"><span class='ocrx_word' id='word_1_540' title='bbox 176 4510 277 4579; x_wconf 73' lang='lat' dir='ltr'>iungit]</span> <span class='ocrx_word' id='word_1_541' title='bbox 296 4510 386 4576; x_wconf 71' lang='lat' dir='ltr'>„Post</span> <span class='ocrx_word' id='word_1_542' title='bbox 406 4512 476 4565; x_wconf 78' lang='lat' dir='ltr'>ideae</span> <span class='ocrx_word' id='word_1_543' title='bbox 496 4510 681 4581; x_wconf 65' lang='lat' dir='ltr'>interpam,</span> <span class='ocrx_word' id='word_1_544' title='bbox 711 4518 740 4566; x_wconf 92' lang='lat' dir='ltr'>et</span> <span class='ocrx_word' id='word_1_545' title='bbox 824 4515 936 4567; x_wconf 76' lang='lat' dir='ltr'>aeeieee</span> <span class='ocrx_word' id='word_1_546' title='bbox 950 4510 1103 4581; x_wconf 62' lang='lat' dir='ltr'>patinam]</span> <span class='ocrx_word' id='word_1_547' title='bbox 1125 4510 1279 4577; x_wconf 72' lang='lat' dir='ltr'>Exepeetee</span> <span class='ocrx_word' id='word_1_548' title='bbox 1293 4526 1350 4563; x_wconf 87' lang='lat' dir='ltr'>ere-</span> 
     </span>
    </p>
   </div>
   <div class='ocr_carea' id='block_1_12' title="bbox 0 0 1411 5242">
    <p class='ocr_par' dir='ltr' id='par_1_12' title="bbox 0 0 1411 5242">
     <span class='ocr_line' id='line_1_57' title="bbox 0 0 1411 5242; baseline 0 0"><span class='ocrx_word' id='word_1_549' title='bbox 0 0 1411 5242; x_wconf 95' lang='lat' dir='ltr'> </span> 
     </span>
    </p>
   </div>
  </div>
 </body>
</html>
