2812 5242
288 391 650 459 SATURNALIORUM
677 392 753 457 LIB.
776 395 800 457 Ι.
828 393 918 461 CAP.
943 395 998 459 XI.
1183 398 1224 464 83

45 565 96 651 pio
117 562 275 647 carpant?
316 561 373 626 Vis
394 569 429 625 tu
449 562 585 659 cogitare
602 581 655 626 eos
674 580 752 645 quos
772 560 820 624 ius
841 568 929 626 tuum
949 583 1038 628 vocas
1061 564 1157 629 isdem
1179 572 1254 633 se-'t

45 649 185 716 minibus
204 655 295 711 ortos
314 646 422 711 eodem
442 647 501 711 frui
520 647 621 723 eaelo,
646 667 744 731 oeque
765 646 864 710 vivere
884 668 980 732 aeque
1002 650 1101 713 mori?
1138 651 1224 714 Servi

46 736 142 802 sunt'i
166 733 265 797 immo
289 731 438 796 homines.
482 731 569 797 Servi
590 733 682 796 sunt?
711 732 806 795 immo
828 733 978 810 conservi,
1000 735 1024 798 si
1049 734 1226 818 cogitaveris

47 819 232 886 tantundem
258 818 290 881 in
310 826 460 900 utrosque
483 817 574 883 liuere
594 817 744 903 bunnae.
779 819 855 881 'l'am
876 826 910 882 tu
931 819 1014 882 illurn
1033 820 1134 883 videre
1153 821 1226 885 libe-

49 928 124 971 rum
146 913 241 990 potes,
263 924 357 988 quam
379 903 428 966 ille
451 914 482 967 te
503 898 792 979 servumrf'llescis,
816 923 877 986 qua
900 912 999 967 aetate
1017 906 1140 969 lleeuba
1165 927 1227 969 ser-

52 992 121 1056 vire
143 989 292 1074 eoeperit,
335 1009 374 1051 ua
395 988 543 1066 Croesus,
557 972 739 1089 qitqss'fi-Qei
762 997 873 1065 mater,
894 1010 955 1074 qua
978 990 1144 1073 Diogenes,
1167 1013 1227 1075 qua

53 1078 146 1141 Plato
182 1076 271 1159 ipset
355 1082 489 1138 ostremo
530 1072 611 1159 quad·
628 1070 687 1139 tu·
709 1092 822 1138 nomen
858 1074 1011 1138 servitutis
1046 1075 1256 1145 borrenrusi8

53 1163 165 1229 senus
192 1168 240 1225 est
267 1159 408 1246 quidem:
442 1159 495 1224 sed
525 1156 718 1235 necessitate,
751 1159 804 1224 sed
834 1158 964 1224 sortasse
986 1160 1081 1224 libero
1106 1161 1277 1249 onimopeq

55 1268 158 1313 seram
180 1253 239 1311 est
282 1245 351 1309 llos
378 1243 420 1309 illi
446 1244 579 1321 nocebit,
614 1243 640 1309 si
665 1243 834 1308 ostenderis
861 1244 930 1328 quis
959 1266 1022 1309 non
1049 1245 1096 1309 sit.
1140 1247 1228 1311 Alius

56 1331 171 1399 libidini
194 1330 305 1407 servit,
327 1329 405 1394 alius
428 1330 584 1407 avaritiae,
606 1330 684 1394 alius
704 1329 873 1407 ambitioni,
895 1351 1001 1395 omnes
1025 1330 1098 1415 spei,
1122 1353 1228 1398 omnes

57 1417 166 1483 timori.
213 1417 257 1480 Et
276 1424 358 1481 certe
380 1415 462 1480 nulla
484 1415 614 1481 servitus
636 1415 756 1500 turpior
775 1435 867 1500 quam
888 1415 1067 1480 voluntaria.
1110 1422 1151 1481 dt
1171 1425 1258 1490 nest)

57 1504 125 1587 iugo
148 1524 167 1567 a
191 1501 316 1567 fortuna
338 1501 471 1585 inposito
494 1502 700 1566 subiaoentem
725 1508 880 1585 tamquam
902 1501 1046 1565 miserum
1075 1501 1229 1588 vilemque

58 1590 224 1654 caleamus:
243 1586 327 1670 quod
348 1607 419 1650 vero
438 1608 495 1651 nos
513 1586 626 1650 nostris
646 1585 811 1650 cervicibus
832 1586 993 1651 inserimus
1013 1607 1075 1650 nen
1096 1589 1229 1672 patimur

58 1671 248 1759 reprebendi.
291 1671 431 1735 Invenies
452 1672 530 1736 inter
552 1692 655 1736 servos
677 1672 809 1756 aliquem
833 1671 961 1756 pecunia
984 1671 1155 1738 fortiorem:
1183 1675 1229 1738 in·
1242 1679 1280 1743 10

58 1760 156 1825 venies
178 1755 342 1823 dominum
362 1778 416 1841 spe
436 1757 512 1822 lucri
532 1757 636 1822 oscula
656 1756 824 1822 alienorum
847 1778 1002 1822 servorum
1023 1759 1162 1823 manibus
1184 1760 1229 1824 in-

59 1846 217 1929 figentem:
237 1864 301 1907 non
323 1862 396 1927 ergo
416 1843 537 1907 fortuna
558 1842 696 1906 homines
717 1843 884 1907 aestimabo
905 1843 958 1907 sed
980 1844 1125 1908 moribus.
1164 1846 1228 1911 Sibi

58 1931 190 2016 quisque
208 1929 264 1993 dat
282 1947 400 1993 mores:
431 1928 636 1994 conditionem
659 1949 747 1993 casus
770 1928 915 2013 adsignat.
959 1929 1228 2008 Quemadmodum

855 2113 926 2164 Edd.
945 2111 1160 2183 rienhgepdzb]

62 2200 89 2266 (i
108 2203 163 2261 lb.)
181 2197 315 2265 terrebant]
337 2195 381 2249 Gi.
401 2196 441 2248 lo.
458 2195 571 2249 Sureeb.
590 2196 665 2261 ΙἸΙΙ,
684 2200 724 2249 12.
750 2224 781 2235 -
807 2197 932 2266 principe
949 2213 1003 2248 ω.
1034 2198 1131 2262 „Haut
1149 2201 1233 2254 dubie

66 2269 212 2335 legendum
230 2273 273 2319 eet
291 2283 356 2317 curn
377 2268 420 2316 erl.
440 2265 534 2316 Coton.
551 2267 692 2334 principio.
728 2266 857 2317 Postulat
875 2265 949 2317 enim
966 2269 1096 2318 eeneue.“
1113 2269 1198 2321 Zeno.

132 2340 159 2384 Ι.
188 2336 232 2386 rie
250 2343 277 2386 tu
356 2350 440 2400 neque
457 2333 531 2401 more]
551 2333 733 2399 cl.Sen.Ep.
753 2337 796 2384 47.
816 2333 829 2400 5
848 2338 873 2384 8,
894 2361 923 2372 -
946 2334 1024 2385 Serui
1105 2339 1232 2406 conserui]

68 2400 135 2467 ib.§
155 2405 176 2452 Ι.
194 2404 266 2453 -in
285 2411 405 2468 utreque
422 2401 449 2451 S.
471 2428 500 2439 -
524 2402 588 2452 'Pam
609 2402 787 2464 ...eeruuml
807 2405 871 2451 Seu.
888 2402 905 2451 l.
926 2419 948 2451 r..
971 2403 1026 2464 §8-
1046 2429 1079 2438 -
1097 2405 1188 2456 ll'eeeie
1206 2441 1232 2456 ..

68 2470 145 2520 Pluto
160 2469 227 2538 r'pee]
240 2470 274 2520 ib.
291 2469 304 2534 i
320 2473 361 2519 10.
381 2496 412 2505 -
432 2470 524 2536 eoepit
539 2470 606 2520 Edd.
620 2497 651 2508 -
671 2471 747 2520 darei
764 2467 829 2519 st
843 2468 883 2531 (G
896 2485 977 2518 erueo
993 2485 1006 2518 e
1022 2478 1049 2518 et
1067 2487 1126 2534 nup.
1143 2489 1194 2521 ner.
1209 2474 1232 2536 i)

62 2536 193 2588 Sen.l.c·
231 2536 550 2589 duriiAEddl’Sur.-
572 2535 981 2601 PlutoBGi-glrl'l'3cl.§dl.
1022 2535 1233 2589 uruloensis-z

63 2605 127 2655 Sen.
146 2607 164 2655 Ι.
185 2623 210 2655 e.
313 2609 339 2655 8.
370 2606 468 2655 Seruus
486 2612 524 2656 eet
542 2642 566 2655 ..
587 2605 749 2668 uoluntaria]
775 2604 809 2653 ei.
830 2602 894 2653 Seu.
918 2607 935 2652 l.
955 2619 977 2652 e.
1000 2602 1014 2665 ξ
1035 2605 1065 2653 lt
1088 2609 1116 2654 et
1139 2609 1177 2656 15.
1201 2634 1228 2642 -

64 2675 110 2723 red
132 2675 254 2736 sertum
280 2673 344 2722 liber
367 2673 465 2723 anime.
503 2675 601 2724 Seruus
625 2681 680 2733 eet,
710 2671 911 2736 interpungere
930 2676 958 2719 et
976 2671 1124 2722 eruendam
1146 2673 1236 2724 voterit

66 2740 173 2791 bieure.
210 2738 259 2789 Sic
278 2738 379 2804 legitur
395 2741 468 2805 apud
489 2739 553 2791 Seu.
572 2742 591 2790 l·
610 2758 650 2800 ως
668 2741 716 2790 sed
737 2739 809 2790 idern
830 2746 926 2804 postea
946 2737 1033 2788 babet
1052 2741 1162 2791 ostende
1181 2759 1233 2793 nou

66 2809 90 2859 ei
105 2807 260 2858 ostenderie.
284 2806 839 2859 Zeun.eoni.nocebitieedoetendeeie.
934 2809 960 2856 9.
988 2806 1071 2870 peior
1087 2810 1162 2872 (sup.
1178 2818 1235 2860 tur·

69 2878 144 2942 pior)
163 2874 199 2925 G·
304 2879 340 2925 10.
369 2877 459 2926 ercule
547 2875 712 2943 infigentem]
733 2877 767 2925 oi.
787 2873 851 2924 Sen.
870 2873 887 2923 l.
907 2875 965 2936 ως
988 2876 1025 2922 ΙΙ.
1058 2903 1084 2911 -
1118 2877 1236 2928 oliorum

67 2942 129 2993 Ser.
155 2969 189 2981 -
221 2942 278 2993 rl'ou
294 2960 359 3011 ergo
375 2945 485 3005 fortune
505 2980 528 2993 ..
547 2942 687 3011 adsignat]
707 2941 776 3006 ib.§
798 2945 848 3002 1³„
868 2941 915 2993 ubi
934 2947 1024 2991 tumen
1044 2942 1161 3007 legitor:
1182 2963 1235 2996 nou

67 3012 147 3062 mini
153 3010 281 3073 stertis,
300 3016 329 3063 et
347 3010 420 3061 inira
436 3010 630 3064 ministeriu
646 3028 724 3062 renue
740 3011 878 3078 adsignet.
896 3036 929 3047 -
950 3009 1176 3074 Quemadmodum

66 3179 627 3296 ete-eoeoootunaquaenondopu-
676 3206 707 3215 -
728 3176 769 3228 lle
788 3178 898 3230 Plutone
914 3176 968 3230 vid.
986 3179 1067 3245 Diog.
1080 3177 1173 3232 Luert.
1185 3179 1237 3245 ΙΙΙ,
1271 3250 1279 3263 ι

66 3247 210 3297 altudinem
224 3248 356 3311 fecerent.
403 3247 501 3298 eunius
519 3248 629 3298 eontert
681 3248 720 3307 ΙΙ,
740 3250 777 3296 19.
797 3252 825 3297 et
843 3245 968 3298 bartone.
989 3248 1007 3297 l.
1026 3263 1049 3296 e.

68 3313 170 3364 Comen.
190 3313 227 3373 ΙΙ,
249 3316 283 3363 12
301 3320 329 3364 et
351 3318 390 3365 13.
712 3318 737 3362 8.
773 3315 854 3365 libere
870 3316 960 3366 enimn
975 3331 1065 3366 seruus
1083 3314 1132 3379 est]
1144 3312 1237 3376 „Con-

99 3387 125 3431 t.
165 3381 326 3448 Neseiequo
344 3381 555 3433 aetuteHeeubo
573 3395 628 3431 rer·
678 3381 786 3432 lerator
821 3380 869 3432 hie
903 3381 1048 3433 Ciceronis
1080 3382 1238 3447 paradoxon

67 3450 122 3500 nire
141 3451 254 3513 eoeperit
273 3449 339 3515 eet]
361 3449 450 3512 „Num
470 3455 630 3515 expugnatu
680 3449 743 3515 [Vde
773 3449 1126 3516 Omneeeupientesliberos
1146 3457 1239 3503 eseeet
1316 3480 1319 3487 ·

68 3515 155 3566 'l'roia
164 3517 297 3567 lieentum
309 3534 420 3567 nereum
435 3517 552 3567 sortitus
567 3532 631 3566 esee
680 3518 773 3569 stultos
791 3534 878 3567 omnes
895 3523 1010 3568 serven‘·
1026 3517 1110 3567 Znun.

69 3585 190 3634 traditur
213 3584 340 3650 Ulyeree.
378 3584 475 3650 llietye
501 3585 575 3635 Cret.
600 3584 629 3644 V,
714 3584 908 3650 einstenderiel
927 3584 1049 3635 Zeurrius
1068 3583 1240 3649 perterritant

71 3655 110 3702 13.
147 3652 187 3702 De
209 3653 302 3702 Croeso
321 3652 546 3703 serrorreentir
567 3659 631 3702 nom
680 3651 735 3702 bon
770 3669 833 3702 eeeo
867 3654 1029 3703 mutandum
1064 3652 1139 3716 (tio.
1175 3667 1240 3717 app.

69 3726 164 3770 estex
183 3719 329 3770 llerndoto
348 3719 384 3787 [1,
402 3720 456 3787 86.]
476 3728 504 3771 et
524 3719 631 3770 lantino
680 3719 769 3783 erit),
787 3725 836 3770 eut
851 3721 875 3770 ei
893 3737 925 3771 ex
942 3718 1100 3787 graeeierno
1118 3718 1240 3784 positum

68 3785 169 3854 [l‚t.]·
210 3787 389 3838 Duriimnter
412 3787 630 3854 iuitSieyguru·
680 3783 1242 3851 ereeproumdtomuiabeneselre-

71 3853 129 3916 bie,
159 3869 232 3919 quee
248 3856 284 3906 ub
301 3854 459 3906 Alexandro
478 3865 560 3921 captu
579 3862 630 3906 eet.
681 3857 756 3913 beot,
771 3855 919 3904 derrunrorlo
938 3852 1147 3919 interpreterier
1169 3851 1242 3912 „boe

71 3922 130 3974 l'id.
150 3921 251 3972 luetin.
295 3922 348 3985 ΙΙΙ,
366 3922 417 3990 9.],
446 3922 554 3974 Arriae.
582 3922 630 3988 ill,
683 3929 740 3973 tum
760 3921 870 3972 demum
888 3922 934 3973 illi
952 3921 1077 3981 nocebit,
1107 3918 1131 3969 ei
1151 3925 1244 3969 oeten-

73 3990 125 4057 lt]
142 3997 171 4041 et
186 3989 264 4040 Cart.
295 3990 348 4051 lll,
370 3995 409 4041 ll.
427 3991 493 4056 241.
530 3992 631 4059 Dioge·
682 3989 777 4041 deris“
802 3995 853 4038 cet.

70 4076 127 4110 een
144 4057 294 4124 Cynicum,
314 4075 375 4109 curn
393 4058 631 4126 eenexdeginnnr
717 4073 806 4108 omnee
828 4054 895 4123 aper]
924 4054 1002 4104 llaec
1030 4068 1083 4103 non
1113 4051 1246 4117 leguntur

72 4126 235 4189 navigaret,
264 4132 376 4190 captum
401 4143 464 4178 esee
489 4142 505 4177 a
531 4127 632 4190 piratis
683 4126 754 4191 apud
775 4123 921 4177 Senecam.
941 4137 1029 4186 neque
1049 4122 1246 4171 eorrrrnendun·

71 4194 270 4274 venditumque
289 4192 315 4244 in
335 4196 419 4245 Creta
438 4194 567 4256 xenion,
586 4192 633 4259 qui
684 4201 728 4243 tur
747 4190 890 4242 leirennlie
908 4189 942 4250 ll,
960 4193 1030 4256 deq·
1051 4187 1157 4240 verbis:
1175 4188 1246 4257 Quid

71 4261 150 4313 illum
164 4261 332 4312 Corinthum
349 4261 493 4313 reduxerit
511 4261 635 4326 liliieque
684 4262 753 4312 enim
775 4260 878 4311 ratione
901 4260 1020 4310 timemur
1038 4261 1091 4308 Aut
1116 4258 1246 4324 cupimus,

73 4330 205 4397 regendis
224 4329 407 4395 praefecerit.
435 4334 532 4379 narrut
550 4328 634 4379 boer-
685 4336 715 4380 nt
746 4329 807 4378 vult
834 4328 985 4378 l’ontanue.
1020 4325 1144 4392 Namque
1174 4324 1246 4375 illud

73 4397 128 4449 tius
146 4398 195 4455 ΙἸ,
215 4400 245 4462 4,
263 4401 323 4457 2⁹„
351 4396 464 4448 Gellius
490 4396 531 4461 ll,
551 4400 583 4446 18
599 4395 635 4462 [9.
685 4396 804 4462 cupimus
819 4412 871 4446 non
892 4405 947 4446 tana
964 4395 997 4446 ad
1016 4411 1094 4459 epern
1115 4393 1246 4459 pertinet,

73 4466 146 4516 tede
164 4465 294 4516 baetunt.
313 4464 365 4527 ΙΙΙ,
377 4469 421 4529 25,
444 4464 504 4530 rs.].
542 4464 635 4515 Pluto·
687 4480 766 4529 qoam
784 4464 817 4514 nd
839 4464 995 4525 libidinem,
1011 4461 1168 4522 avaritiam,
1188 4476 1247 4511 nm·

73 4549 127 4585 nea
147 4550 232 4595 vero,
260 4539 408 4599 postquam
429 4531 530 4582 iterum
550 4530 637 4598 Syru·
687 4531 831 4583 bitionem.

75 4617 153 4653 eune
176 4600 302 4665 venerit,
329 4616 346 4651 e
370 4599 506 4667 Dionysio
535 4596 636 4649 minori
723 4604 763 4649 10.
796 4599 910 4664 pecunia
934 4593 1084 4660 fortiorem]
1116 4591 1157 4641 ci.
1179 4590 1247 4643 ller.

74 4667 232 4721 Sieulorum
258 4674 379 4749 tyranno
406 4666 548 4719 venditum
576 4682 639 4717 eeee
690 4666 741 4717 0d.
760 4665 816 4725 ΙΙΙ,
840 4667 871 4726 e,
892 4668 983 4728 ‹ldeq-
1010 4664 1155 4712 Aurum..
1174 4673 1248 4726 eper-

72 4736 183 4790 enidum
203 4733 348 4797 demetri,
365 4741 464 4785 unctor
481 4741 525 4786 eet
540 4734 638 4800 Olym·
688 4750 750 4786 nere
762 4732 870 4797 sortior.
1191 4792 1218 4805 ..

76 4802 209 4870 pinderne
232 4803 264 4858 iu
288 4802 348 4856 ritu
366 4801 525 4855 Plutonis-‘⁸
552 4801 638 4854 que.
727 4800 786 4853 Siti
799 4799 908 4867 quisque
926 4797 975 4848 det
995 4809 1094 4847 neree:
1120 4792 1249 4843 rendum·
