2812 5242
267 464 629 532 snruunauouulu
651 465 728 531 LIB.
749 465 820 530 vn.
843 464 935 532 CAP.
958 466 1042 531 XVI.
1173 469 1238 535 645

68 633 197 706 mirum,
229 632 254 695 si
274 633 392 695 ratione
413 633 606 715 proprietatis
626 652 705 717 quae
726 632 852 715 singuiis
877 631 956 695 inest
976 633 1059 696 eaior
1079 633 1152 696 solis
1174 655 1238 698 are-

65 716 150 790 facit,
180 715 293 778 iunaris
314 716 478 779 humectat.
524 718 603 780 Hine
624 724 656 780 ot
681 716 813 780 nutrices
837 735 949 800 pueros
975 716 1110 780 tubantes
1137 719 1290 800 operi-25

66 799 177 863 mentis
196 801 362 896 obtegunt,
390 820 459 863 curn
482 802 539 864 sub
563 800 633 864 iuna
656 807 862 884 praetereunt,
893 820 933 862 no
953 801 1058 884 plenos
1083 821 1136 882 por
1155 810 1237 866 aeta-

64 892 126 948 tenr
151 885 296 947 naturabs
320 883 457 947 humoris
485 884 616 967 amplius
641 884 746 948 iuuare
772 885 875 948 iumen
906 883 1076 958 humectot‚
1107 894 1138 948 et
1158 886 1239 951 sieut

64 969 145 1050 ligna
168 968 266 1031 adhue
289 968 388 1032 virore
411 967 535 1031 humida
564 976 689 1052 accepto
714 968 815 1032 calore
837 976 1015 1044 curvantur,
1050 969 1091 1032 ita
1115 977 1147 1031 et
1170 969 1235 1033 ibo-

65 1074 133 1116 rurn
158 1054 294 1116 rnonrbra
318 1061 521 1134 contorqueat
544 1052 681 1116 humoris
706 1051 845 1116 adiectio.
887 1052 954 1117 Hos
978 1072 1103 1136 quoque
1128 1055 1287 1118 notunrhd

64 1146 111 1200 est
130 1136 214 1219 quia,
244 1137 269 1199 si
293 1137 361 1219 quis
382 1136 434 1198 diu
457 1136 515 1199 sub
539 1136 610 1200 iuna
632 1157 740 1200 sonnro
763 1156 795 1199 so
817 1134 951 1211 dederit,
977 1155 1066 1218 aegro
1087 1137 1236 1201 exrzitntur

65 1229 96 1284 et
120 1220 277 1303 proximus
302 1222 335 1283 tit
359 1220 481 1296 insano,
520 1221 655 1303 pondero
690 1240 810 1305 pressus
838 1219 976 1283 hurnoris
1006 1221 1059 1304 qui
1088 1221 1117 1283 in
1143 1243 1236 1286 ornne

64 1305 129 1369 eius
153 1325 264 1387 eorpus
285 1305 413 1368 diffusus
433 1311 527 1385 atque
548 1305 701 1388 dispersus
728 1312 774 1367 est
798 1303 985 1388 proprietate
1010 1304 1124 1368 lunari:
1155 1327 1235 1389 quae

63 1398 99 1452 ut
118 1409 229 1452 corius
251 1388 404 1464 infundat,
436 1408 543 1450 ornnes
565 1389 631 1452 eius
647 1388 744 1472 aperit
761 1396 792 1451 et
813 1387 895 1451 laxat
915 1396 1042 1451 meatus.
1085 1388 1165 1451 ltine
1189 1390 1283 1453 ostiti

65 1473 147 1556 quod
169 1410 277 1548 biara,
297 1492 377 1555 quae
397 1471 469 1535 iuna
491 1479 546 1548 est,
560 1468 709 1555 ’Ἄρτεμις
730 1472 852 1548 dicitur,
874 1472 959 1555 quasi
981 1467 1155 1554 ἅερόιεμις,
1176 1472 1234 1537 Ιιοο

64 1565 110 1620 est
137 1576 237 1620 aorem
263 1576 377 1620 secans.
421 1555 536 1619 Lucina
562 1577 579 1620 a
602 1555 839 1640 parturientibus
863 1556 1036 1632 invocatur,
1070 1557 1141 1639 quia
1163 1579 1232 1641 pro-

63 1641 163 1725 priurn
185 1641 250 1704 eius
271 1661 382 1704 munus
403 1647 450 1702 est
471 1639 641 1705 distendere
660 1639 753 1703 rimas
775 1640 911 1724 corporis
931 1649 961 1703 et
984 1640 1134 1704 inentibus
1152 1642 1231 1705 riurn

63 1725 145 1801 dare,
168 1724 252 1809 quod
274 1732 321 1788 est
343 1722 539 1788 accelerando
564 1733 654 1809 partu
673 1725 813 1790 salutaro.
856 1724 977 1788 Ethoe
998 1725 1148 1806 estquod
1171 1723 1284 1789 elo-28

63 1818 169 1893 gauter
193 1817 284 1894 poeta
306 1807 485 1874 Timotheus
507 1809 670 1893 expressit:

860 1946 930 1997 Edd.
950 1946 1165 2012 ricuhgrpdab]

60 2029 179 2094 noxior).
261 2032 304 2081 25.
324 2032 468 2096 ,perrarus
486 2031 697 2082 emendarentur
716 2044 749 2080 ex
768 2029 939 2090 coniectura,
958 2046 1019 2078 rnrn
1033 2029 1235 2079 'rinocororus

61 2097 351 2216 ttbs¹⁰²‘;¹tb:?
361 2099 400 2214 ii
423 2096 961 2227 ‘tttt‘rtt‘tt'³''tzid'gtbt
980 2097 1232 2213 t1t⁸ttt⁰t¹ld¹

61 2231 160 2280 borani
179 2182 294 2282 νεανίαιν
311 2248 406 2297 pueros
424 2230 543 2283 aientes?
579 2230 648 2281 Nem
672 2229 795 2281 iurantes
816 2230 932 2278 innuere
950 2231 1010 2279 snit
1027 2229 1072 2294 qni
1095 2231 1167 2279 incte
1184 2229 1234 2279 ad-

61 2296 115 2345 huc
140 2303 168 2346 et
192 2314 274 2348 mann
298 2298 384 2347 veluti
407 2297 499 2348 atiena
523 2298 692 2348 nutriuntur.
727 2296 766 2346 Ad
786 2296 858 2360 quod
880 2295 986 2360 liquido
1007 2296 1084 2345 ducit
1102 2303 1129 2346 et
1155 2295 1233 2346 insat

61 2370 141 2413 retur
158 2363 219 2413 rire
234 2364 339 2427 scripta
362 2364 447 2414 tectio
468 2380 539 2427 quoe
560 2364 684 2414 habebnt
706 2363 853 2430 patienter,
883 2380 933 2411 nec
956 2363 1098 2412 dubitabis
1119 2379 1230 2428 germu-

60 2428 208 2479 niesiururn
227 2445 322 2479 verurn
340 2447 416 2479 aanor
433 2446 529 2495 pueror
545 2438 689 2497 parcentes.
725 2429 864 2479 isidorus:
881 2439 1092 2494 perureretur
1110 2431 1165 2478 ribo
1184 2447 1229 2479 ru-

61 2497 166 2562 ginere.
202 2494 344 2560 Loquendi
368 2503 460 2547 autem
484 2512 595 2546 murex
615 2496 709 2563 prirca
727 2495 869 2560 elegantia
887 2503 946 2555 νοις
974 2513 1023 2545 nec
1046 2496 1156 2544 obtudit
1176 2496 1230 2544 boc

61 2561 248 2627 b'irgiiiunurn
271 2562 342 2628 [bct.
363 2563 411 2626 iv,
436 2563 505 2627 ⁴5.]=
533 2570 624 2630 sponte
648 2580 697 2615 ινιι
717 2564 820 2628 rundyr
845 2569 982 2628 parcentes
1003 2563 1092 2612 vestiet
1115 2565 1230 2628 agnor.“

61 2630 141 2680 Pout.
158 2656 193 2667 —
213 2631 347 2680 naturalis
367 2631 503 2681 humectis
522 2629 541 2679 b
560 2637 594 2696 (g
610 2630 751 2686 humecti).
774 2656 807 2666 -
833 2630 920 2678 adhue
936 2644 989 2679 σοι.
1006 2645 1031 2679 v.
1059 2655 1094 2666 -
1119 2630 1230 2679 obiectio

58 2696 161 2760 Aap.
182 2712 217 2746 m.
320 2701 361 2747 26.
392 2696 449 2746 Hoc
483 2696 583 2763 uippe
602 2713 628 2746 v.
654 2724 687 2735 —
714 2712 809 2762 corpur
827 2697 883 2745 eius
907 2694 941 2744 Α.
1042 2698 1086 2743 27.
1109 2688 1228 2759 ’Ἄρτεμις

57 2780 111 2813 om.
130 2764 159 2813 S.
181 2789 208 2798 —
232 2755 372 2827 ἄερότεμις
389 2778 444 2812 orn.
463 2714 491 2812 θ.
526 2777 695 2814 recurrente·
711 2762 742 2811 Α.
761 2790 793 2798 -
817 2771 854 2813 est
871 2763 926 2811 ciue
943 2777 1038 2811 munus
1055 2760 1083 2810 S.
1102 2786 1131 2797 -
1158 2762 1227 2824 qnod

58 2832 128 2895 (orn.
147 2835 199 2890 ert)
215 2829 280 2895 chg.
309 2856 342 2867 —
369 2831 540 2881 accelerando
558 2837 640 2895 partu
662 2829 746 2880 cirta.
782 2829 952 2879 acceierondo
972 2828 1069 2894 partui
1094 2827 1225 2890 ,ῆι-ΗΜ.

57 2897 228 2948 accelerando
249 2904 349 2963 portur
370 2897 426 2947 ΜΙ.
467 2896 656 2949 accelerandae
678 2904 778 2964 portur
800 2895 836 2947 ll.
875 2896 916 2946 ad
942 2895 1099 2947 celerando·
1124 2902 1227 2961 portur

56 3045 215 3109 leporinam
234 3041 296 3111 τὴν
316 3043 503 3098 πινάκωσιν
520 3041 616 3097 αὐτῶν
664 3047 712 3098 hoc
730 3054 768 3098 ert
786 3064 872 3097 aerem
891 3045 993 3110 recens]
1013 3045 1057 3095 Gt.
1075 3045 1097 3102 1,
1121 3047 1160 3105 ¹5,
1178 3047 1221 3092 20.

59 3110 107 3162 καὶ
135 3109 215 3171 τοὺς
241 3112 424 3176 θεμελίους
451 3106 616 3177 θαοκαιόμε-
667 3114 762 3164 Iunoni
779 3114 939 3163 addixerunt
959 3111 1108 3167 Kotradon,
1134 3112 1224 3159 tunam

54 3195 113 3229 νον.
155 3180 293 3230 Memorat
317 3197 385 3247 ergo
412 3180 614 3232 tabulationem
665 3183 850 3231 arduconem
878 3177 987 3228 eundem
1014 3183 1153 3241 putantes:
1184 3177 1225 3225 oet

55 3251 84 3296 et
101 3246 320 3297 tundamentum.
664 3248 727 3312 quia
750 3248 815 3295 turra
832 3261 879 3310 per
899 3260 984 3292 ueram
1003 3250 1085 3303 meat,
1111 3242 1225 3293 undeet

88 3316 130 3362 25.
163 3331 258 3377 pucros
279 3315 417 3379 settenter]
444 3313 614 3364 Pbrtercbur
668 3314 763 3364 Gracci
794 3312 884 3360 tunam
908 3303 1056 3374 Ἀρτεμιν
1082 3326 1223 3373 nuncupe-

54 3379 117 3438 1.,ο.
136 3379 180 3426 Ea
211 3375 263 3427 Διὸ
287 3375 326 3427 τὰ
370 3377 398 3429 iv
419 3374 523 3443 νήπιοι
547 3395 616 3429 παν·
663 3386 740 3438 rrrrrt,
775 3377 809 3426 td
838 3384 886 3426 ert
914 3369 1114 3439 decretoriis,
1145 3377 1226 3440 qnod

50 3440 187 3522 educerer!
203 3441 233 3491 cri
259 3397 369 3520 carops
383 3441 522 3493 δεικνύναι
546 3439 616 3509 πρὸς
665 3460 743 3495 aero
761 3450 859 3503 terat,
878 3443 944 3492 duno
963 3449 1049 3491 autern
1065 3443 1136 3492 ceris
1151 3442 1223 3492 orbi-

55 3525 105 3573 την
125 3509 238 3571 rernm
257 3510 450 3570 φυλαττονται.
486 3510 528 3559 Ct'.
548 3511 615 3559 b'ar-
666 3520 708 3562 tro
726 3517 772 3560 ert.

54 3578 117 3692 {tt
130 3574 307 3690 “tib‘'”ut
327 3577 528 3691 itt’rtttrt
542 3577 613 3704 'sii‘
664 3575 1059 3693 crLiiMrc-“bh‘i'ii‘i'i'
1076 3574 1224 3689 ''tt‘tt‘d

123 3659 131 3690 .·
600 3670 613 3680 -
701 3679 707 3692 .
761 3660 784 3692 e.
826 3677 831 3690 .
874 3682 879 3690 .
1054 3678 1059 3688 .

58 3710 158 3768 torre,
176 3715 204 3758 at
221 3725 246 3773 p.
257 3710 371 3769 24233·
392 3706 494 3773 Lupum
511 3708 614 3758 uiumnr'
664 3710 774 3759 incendo
807 3680 944 3759 nominutb
979 3679 1029 3765 rb,
1060 3707 1151 3755 cadem
1186 3711 1223 3754 ert

53 3777 221 3833 tertarum
241 3774 312 3823 olim.
663 3777 731 3826 enim
763 3776 896 3825 hucine.
944 3775 1036 3838 itaque
1071 3777 1106 3821 ut
1137 3770 1224 3835 apud

87 3842 183 3906 virore]
208 3847 250 3889 eet
269 3856 320 3889 vor
341 3837 455 3889 intimae
472 3838 610 3890 Latinitn-
666 3843 807 3892 Graecos
828 3842 970 3892 Dianam
995 3853 1104 3902 eamque
1127 3836 1222 3885 huci-

54 3908 90 3959 tir
120 3924 172 3973 qun
203 3907 246 3956 uri
281 3912 346 3955 eunt
373 3906 508 3969 Apuleius
535 3906 611 3956 Fior.
662 3911 781 3968 terem,
812 3909 848 3958 ric
881 3907 954 3973 opud
988 3920 1035 3954 nor
1068 3904 1221 3953 iunonem

57 3979 94 4025 10.
132 3974 264 4038 Vopiscus
283 3973 364 4022 Proh.
393 3977 431 4021 19.
466 3972 612 4022 Puiiudius
667 3975 824 4024 horinurn
861 3975 892 4022 in
926 3970 1092 4038 parienda
1128 3969 1219 4017 inoe-

53 4042 114 4092 lun.
135 4044 183 4097 12..
202 4040 318 4090 nitimur
337 4038 450 4104 quidone
470 4039 566 4089 eadern
585 4038 611 4088 ri
663 4048 754 4103 cont,
776 4056 845 4106 quae
862 4041 952 4088 cedem
973 4037 1083 4086 Diona
1101 4036 1221 4085 omnive-

51 4124 83 4161 ac
102 4107 269 4157 bincrobinc.
662 4124 702 4174 gu
727 4108 833 4158 dicitur.
918 4105 1063 4155 Adhibetur
1080 4108 1167 4152 nutem
1186 4101 1223 4150 ad

84 4178 127 4222 26.
164 4175 237 4239 quic]
258 4172 389 4224 viduor.
409 4171 441 4221 ad
461 4170 611 4234 Commi,
661 4181 769 4241 parter,
797 4172 866 4239 quod
886 4171 906 4222 ii
929 4176 1106 4221 maturescunt
1127 4204 1151 4217 ..
1172 4185 1219 4217 αο-

52 4245 78 4304 θι
97 4245 139 4289 ⁶2·
661 4257 719 4291 reru
745 4242 825 4290 turrae
849 4238 975 4287 curribus.
1010 4234 1178 4286 Pbrtarchne
1201 4233 1220 4282 Ι.

86 4308 142 4371 diu]
178 4306 346 4357 Plutarchus
375 4305 392 4353 Ι.
423 4320 445 4353 ο.
477 4302 507 4353 F.
544 4301 612 4353 dicit
663 4294 1221 4368 ο.ε”οθενοἶμαι,ἰοιμιίι,καὶιὴν”Αο-

52 4376 243 4423 tautummodo
270 4369 336 4431 τοὺς
357 4365 612 4435 κατακοιμηθέντας
662 4388 756 4436 τεμιν
774 4370 919 4436 Λοχείαν
938 4368 985 4420 καὶ
1002 4367 1222 4424 Εἰλείθυιαν,

52 4436 81 4491 ἐν
100 4434 171 4506 αὐγῇ
190 4436 309 4505 σελήνης.
663 4433 713 4489 οὐκ
740 4426 828 4489 οὖσαν
854 4432 950 4503 ἑτέραν
976 4429 995 4501 ἣ
1021 4430 1072 4499 τὴν
1099 4427 1221 4497 σελήνην,

85 4516 114 4557 ut
132 4523 224 4572 corpur
243 4504 382 4570 infundat]
404 4503 446 4552 Cf.
465 4520 488 4553 e.
506 4504 537 4564 ³,
556 4501 610 4566 §4-
663 4499 836 4568 ὠνομάσθαι.

53 4579 82 4623 ct
106 4590 129 4622 e.
149 4577 181 4633 5,
209 4576 224 4634 §
250 4577 290 4623 14.
319 4573 380 4622 virro
408 4573 558 4635 inseror,
585 4573 614 4618 et
698 4573 768 4636 qnod
790 4578 827 4622 ert
851 4567 1022 4620 accelerando
1045 4571 1127 4631 portu
1149 4562 1222 4642 reip·

53 4639 162 4692 Panno.
189 4640 289 4690 octob.
308 4645 333 4690 9.
359 4639 391 4688 si
416 4654 495 4688 νοοια
515 4637 615 4687 nimiter
664 4638 732 4703 tare]
768 4638 808 4687 De
837 4636 893 4686 hec
926 4633 1012 4684 dativi
1048 4632 1136 4680 torma
1170 4628 1225 4679 ard.

53 4708 329 4769 imhcrinfrrderit.
664 4703 828 4755 Schneider.
861 4699 1002 4753 Formenl.
1034 4697 1076 4759 11,
1110 4712 1135 4761 p.
1164 4695 1224 4745 8³².

86 4777 129 4827 27.
162 4768 283 4839 Ἄρτεμις
311 4807 335 4824 ..
362 4771 440 4839 queri
466 4764 615 4835 ἀερότεμις,
664 4769 719 4823 ror
751 4769 814 4823 ride
847 4785 881 4822 ne
909 4763 1070 4820 Macrobioe
1101 4762 1226 4817 ablativo
