2812 5242
188 129 253 199 eoa
672 78 883 193 amenonn

189 295 365 364 morositate
382 290 552 369 distinctus,
574 293 642 357 luce
663 291 841 376 patefactus,
866 314 961 357 nexus
983 294 1162 361 aeternitate
1180 298 1363 377 conductus,

189 382 305 447 visione
325 377 483 454 discretus,
505 397 584 462 quae
606 375 709 441 omnia
728 384 830 441 actum
851 377 922 441 solis
945 379 1129 443 ostendunt?

274 465 395 528 XXIII.
439 464 503 527 Nee
529 462 592 544 ipso
620 461 773 544 luppiter,
793 482 846 525 rex
863 462 1000 537 deorum,
1022 472 1159 527 naturam
1182 464 1254 528 solis
1277 466 1359 529 vide-

191 560 241 613 tur
261 547 418 612 excedere:
448 546 502 609 sed
523 545 655 608 cundem
676 565 742 609 esse
761 546 864 609 lovem
886 568 921 609 oc
943 547 1037 612 solem
1060 548 1148 611 claris
1167 548 1296 613 docetur
1315 551 1360 613 in-

189 633 285 696 diciis.
328 633 494 696 Nemeum
517 629 560 693 ait
582 630 751 692 Homerus:

139 736 206 802 [stop
316 711 396 790 Ζεὺς
417 708 481 795 γὰρ
505 711 537 788 ἐς
557 709 703 776 dorcada
727 708 792 795 μετ’
815 707 984 795 ἀμύμονας
1004 714 1195 796 Αἰθιοπῆας

315 795 425 881 χθιζὸς
447 795 504 879 ἔβη
548 795 728 875 etidcirco,
750 797 824 860 θεοὶ
847 794 876 860 δ’
898 794 965 879 ἅμα
988 794 1104 873 πάντες
1125 797 1253 878 ἕποντο,

316 878 480 966 δωδεκάτῃ
497 821 546 945 δῖ
556 904 607 946 τοι
626 872 725 956 αὖθις
744 878 904 945 ἐλεύσεται
929 877 1153 964 Οὔλυμπόνδε,

157 968 269 1034 Ὴοιίε
302 967 504 1052 appellatione
539 967 632 1031 solem
666 965 798 1049 intellegi
830 966 1012 1031 Comibcius
1042 967 1160 1043 scribit,
1195 968 1245 1031 cui
1276 969 1360 1031 unda

187 1052 295 1116 oceani
318 1051 400 1117 velut
420 1053 512 1135 dapes
534 1051 694 1115 ministrat.
739 1051 813 1115 Ideo
835 1050 933 1126 euim,
966 1051 1046 1115 sicut
1066 1060 1096 1115 et
1116 1049 1304 1116 Posidonius
1329 1062 1360 1116 et

188 1136 351 1201 Cleanthes
378 1136 554 1212 adfirment,
585 1135 657 1198 solis
683 1143 800 1198 meatus
822 1155 840 1198 a
860 1135 946 1219 plaga
967 1156 1045 1219 quoe
1067 1144 1138 1199 usta
1159 1135 1272 1199 dicitur
1296 1159 1359 1200 non

188 1220 317 1296 recedit,
349 1221 421 1304 quia
446 1221 504 1283 sub
526 1219 591 1303 ipsa
613 1218 707 1283 currit
726 1239 859 1283 oceanus
879 1220 932 1303 qui
954 1227 1065 1283 terrem
1089 1228 1120 1284 ct
1142 1220 1238 1283 ambit
1258 1230 1290 1284 et
1312 1221 1357 1284 di-

187 1305 275 1380 vidit,
309 1304 445 1368 omninno
466 1312 567 1367 autem
591 1303 631 1388 ph
653 1303 784 1366 sicomm
807 1303 980 1368 adsertione
1000 1311 1120 1367 constat
1140 1304 1271 1367 calorem
1300 1305 1357 1369 hu·

158 1391 273 1455 {imore
293 1389 412 1452 nutriri.
461 1389 538 1452 Nam
562 1325 650 1471 quod
664 1388 717 1450 ait:
740 1385 814 1450 θεοὶ
834 1384 863 1450 δ’
886 1384 952 1469 ἅμα
974 1385 1092 1462 πάντες
1110 1385 1236 1465 ἕποντο,
1257 1389 1357 1453 sidera

186 1473 289 1537 intelle
332 1481 420 1549 ntur,
443 1492 611 1556 quaecum
633 1493 670 1536 eo
688 1471 724 1536 ad
742 1492 869 1536 occasus
890 1481 1038 1557 ortusque
1059 1472 1213 1535 cotidiano
1239 1472 1356 1556 impetu

187 1557 262 1621 caeli
306 1565 433 1620 eruntur
465 1556 636 1638 eodemque
667 1555 791 1619 aluntur
819 1555 956 1619 bumorc.
1010 1551 1114 1631 Θεοδς
1139 1556 1218 1620 enim
1249 1557 1357 1622 dicunt

186 1641 286 1705 sidem
304 1649 336 1704 et
358 1640 474 1714 stellas,
497 1636 638 1704 ἀπὸτοῦ
661 1635 765 1716 θέειν,
794 1639 823 1703 id
845 1649 892 1704 est
909 1637 1052 1722 τρέχειν,
1078 1641 1162 1725 quod
1184 1661 1304 1724 semper
1324 1643 1355 1703 in

157 1726 279 1789 deursu
306 1725 379 1802 sint,
407 1720 513 1808 ἦᾶιιδ
535 1726 595 1788 τοῦ
616 1730 684 1788 ticos
708 1728 826 1787 εῖσδαι.
870 1724 967 1787 Addit
995 1733 1099 1810 poete:
1126 1721 1292 1809 δωδεκάτῃ
1318 1724 1354 1789 δέ

185 1832 236 1873 τοι
258 1798 366 1888 αὖθις,
388 1830 451 1873 non
474 1809 591 1873 dierum
613 1808 667 1872 scd
686 1747 832 1872 iorarum
855 1807 1027 1891 signilioaus
1046 1829 1216 1884 numerum,
1241 1812 1355 1893 quibus

156 1894 357 1959 5releruntur
379 1893 418 1957 od
446 1892 657 1978 hemisphaerii
686 1891 850 1976 superioris
878 1900 1027 1958 exortum.
1079 1893 1268 1957 Intellectum
1298 1917 1354 1957 no-

185 1986 281 2043 strum
308 1978 339 2043 in
366 1977 492 2043 eandem
518 1976 697 2044 sententiam
721 1976 850 2055 ducunt,
884 1977 974 2042 otiam
1002 1979 1040 2042 do
1064 1986 1180 2064 etymo,
1215 1977 1354 2042 Plutonis

253 2181 335 2248 [ιιι.
353 2180 480 2233 suere.

251 2264 354 2316 XIIIII.
393 2268 480 2333 Caput
496 2265 600 2316 XXIII.
626 2266 712 2317 locem
727 2282 830 2334 qaspae
847 2273 873 2319 et
889 2266 1054 2334 Assyriorum
1074 2268 1153 2320 Adad
1170 2270 1280 2322 eandm
1298 2287 1354 2323 ecre

221 2349 259 2383 ens
272 2334 362 2384 soleas.
392 2333 457 2383 Ibus
476 2340 502 2383 et
518 2333 699 2400 theologorum
715 2341 741 2385 et
762 2333 859 2400 Orplrei
875 2337 1034 2387 auctoritate
1049 2337 1152 2388 ostendi
1165 2353 1251 2403 posse,
1266 2356 1354 2391 omnes

183 2351 427 2465 is
1087 2405 1353 2473 ι

184 2530 253 2582 Εδδ.
271 2561 304 2570 -
324 2533 393 2583 Νιιιιι
410 2549 464 2583 οιιι.
480 2549 505 2583 s.
522 2559 554 2571 -
566 2484 704 2585 'lienem
734 2534 768 2585 II.
783 2528 812 2600 oi,
827 2537 887 2585 428.
905 2562 938 2572 —
958 2529 1026 2593 Ζεὺς
1041 2530 1094 2618 peip
1108 2505 1136 2594 ic
1154 2528 1275 2589 derasis
1292 2491 1353 2600 (ppo

183 2598 269 2664 liquis
282 2598 399 2650 Grsecis
418 2599 511 2650 verbis
528 2605 597 2659 om.)
613 2615 715 2650 s·s.-
734 2602 821 2651 Am
835 2599 868 2651 P.
897 2601 985 2652 &aasz
1001 2600 1034 2651 a.
1063 2597 1165 2667 δᾶμα
1176 2603 1203 2654 S.
1235 2598 1260 2654 δ’
1273 2599 1353 2670 δμος

182 2664 212 2717 Is.
249 2660 392 2731 dr'pot(om.
413 2660 533 2727 δ’)διΙι.
564 2692 597 2704 -
626 2659 780 2730 ttdpeoots
798 2665 828 2716 S·
931 2671 958 2715 3.
986 2667 1060 2716 anda
1083 2672 1159 2734 (sup.
1179 2669 1241 2719 add.
1261 2677 1289 2730 e)

182 2734 342 2785 ministrant
360 2733 389 2784 Α.
425 2732 632 2797 ,anglicanum
656 2733 699 2783 cui
714 2733 817 2784 asdans
838 2732 945 2783 Oceani.
976 2732 1031 2791 Sed
1049 2732 1103 2782 Irsc
1120 2734 1241 2785 lectione
1259 2738 1352 2788 oratio

184 2799 229 2849 vis
248 2807 317 2859 stat,
336 2817 386 2850 nec
407 2800 523 2865 vulgatu
541 2798 689 2850 sententis.
723 2798 783 2850 Non
803 2798 916 2878 ambigo
935 2798 1000 2864 quin
1020 2798 1166 2862 scripserit
1183 2801 1353 2865 longaevus:

184 2867 227 2915 eui
248 2867 351 2916 andum
374 2884 495 2917 oceanus.
536 2867 572 2916 Et
595 2866 649 2915 lsoc
668 2871 711 2915 cst
733 2866 804 2932 quod
824 2867 929 2915 claraus
948 2866 976 2915 in
995 2863 1138 2915 Somnium
1156 2866 1226 2916 dixit
1244 2869 1294 2918 tib.
1314 2871 1349 2921 II.

183 2947 244 2997 cap.
265 2930 590 2998 10.[§10.]“Poot.-
613 2929 997 2996 terramassiit(om·ct)d.
1098 2934 1123 2980 3.
1153 2927 1177 2981 δ’
1194 2925 1252 2996 ἅμα
1270 2941 1348 3002 (sup.

182 2991 228 3061 δ’)
248 2998 276 3048 S.
302 3022 335 3035 -
356 2994 478 3049 ἕσποντο
498 3015 522 3050 v.
546 3027 569 3033 —
591 2999 717 3065 quotidie
738 3014 792 3067 ug
809 3000 840 3063 (a
855 3002 928 3056 cot).
948 3023 983 3035 ·-
1004 2996 1032 3046 irs
1051 3013 1158 3048 carram
1177 2999 1206 3048 Δ.
1223 3028 1255 3037 -
1274 3002 1350 3053 θεω-

183 3059 329 3130 ρεύεσθαι
347 3063 385 3114 vi.
418 3061 594 3116 θεύσεσθαι
612 3081 654 3115 ca.
670 3064 745 3128 „Isoc
761 3071 805 3118 est
821 3080 943 3125 currere,
960 3078 1030 3128 qrsae
1050 3063 1134 3115 lectio
1153 3081 1282 3130 maguam
1302 3084 1350 3119 ac-

182 3131 252 3197 cipit
270 3129 499 3197 probabilitatem
515 3149 548 3181 es
567 3133 687 3198 eoquod
703 3140 802 3184 sector
816 3132 922 3182 unllam
938 3129 1049 3182 addidit
1065 3131 1290 3197 explicationem,
1309 3137 1351 3187 nti

181 3198 357 3250 antecedenti
379 3194 464 3263 δέειν,
482 3199 551 3250 adeo
571 3205 601 3250 ut
619 3199 747 3252 rideatur
764 3198 859 3265 utique
877 3214 1063 3266 synonymum
1080 3199 1218 3264 posuisse.
1251 3201 1288 3251 Ut
1309 3204 1352 3253 ni-

181 3264 226 3315 lsil
245 3266 334 3316 dicam
359 3261 428 3316 θεὸν
449 3265 571 3317 derivari
588 3281 604 3317 a
620 3266 792 3333 θεωρεῖσθαι
808 3265 892 3317 nimis
911 3283 974 3317 esse
992 3272 1148 3316 contortum
1168 3273 1196 3316 et
1215 3266 1351 3331 ineptum.

182 3330 330 3382 Nenenim
348 3327 495 3389 dedeinde
512 3331 714 3398 proficiscitur,
740 3329 940 3398 ιοδθεωρδς.“
961 3332 1046 3382 Zeno.
1148 3335 1173 3383 δ.
1205 3331 1351 3401 δωδεκάτη

181 3391 283 3465 γένετ’
304 3391 369 3464 ἠώς
386 3414 445 3462 v-g.
468 3426 500 3436 -
519 3390 605 3459 αὖθις
623 3395 794 3451 lisdoesas
813 3393 1047 3463 δλυμιιοιιδεθ.
1150 3402 1176 3450 b.
1204 3400 1304 3453 ducunt
1321 3404 1350 3452 iss

181 3467 291 3516 eundern
308 3465 463 3519 sententiam
480 3465 558 3518 s-tu’.
576 3493 610 3507 ·-
627 3468 660 3519 de
674 3475 758 3534 etymo
773 3465 876 3535 scripsi
895 3483 911 3515 e
926 3466 997 3517 coni.
1037 3466 1070 3517 de
1089 3465 1217 3517 ‘I'imceo
1233 3467 1302 3518 lIIss.
1323 3474 1351 3521 et

181 3531 250 3584 Εδδ.
281 3532 341 3584 I'id.
360 3537 417 3585 not.
434 3560 467 3573 -·
486 3533 619 3602 Plutonis]
637 3533 690 3598 „lu
708 3533 837 3586 Phaedro
854 3533 981 3585 I'latouls
999 3532 1160 3602 leguntur.⁸‘
1179 3533 1255 3586 cam.
1274 3534 1351 3595 (I'id.

181 3715 207 3759 et
223 3708 308 3758 nostri
328 3709 483 3761 conducit
505 3710 545 3761 ele
567 3710 685 3776 aestiuas,
711 3715 741 3762 et
823 3711 911 3779 plaga
943 3724 1012 3777 ossae
1048 3714 1112 3763 asta
1152 3707 1261 3774 dicitnr]
1303 3707 1349 3759 (il.

182 3773 329 3825 Lucretius
348 3775 376 3838 1,
395 3780 457 3828 333.
475 3782 505 3829 at
526 3727 579 3840 Ifi,
595 3778 656 3829 633.
672 3794 739 3846 pas·-
791 3775 898 3829 Gomm.
917 3776 940 3839 I,
959 3780 971 3827 I
1018 3778 1060 3829 ta.

181 3842 230 3893 teis
250 3842 429 3895 cessdseere
449 3844 477 3894 ia
495 3859 583 3894 ιιιιιιιιι.
823 3859 937 3895 manos
1017 3848 1116 3895 terrase
1134 3840 1282 3908 ..dividitl
1306 3840 1349 3894 CI.

216 3905 325 3970 xxtlr,
344 3911 370 3958 3.
408 3911 478 3962 Ιιιυίι
498 3910 678 3977 appellatione
698 3926 742 3961 so·
790 3906 897 3961 caman
916 3908 953 3975 II,
966 3912 993 3961 3.

181 3974 232 4024 less
262 3975 398 4054 intellege]
421 3977 483 4038 „Ile
512 3994 543 4028 rc
570 3977 667 4027 conler
691 3993 742 4027 no·
825 3978 937 4027 calorem
959 3974 1068 4027 hamore
1089 3972 1199 4038 satrirs']
1223 3972 1266 4023 CI.
1289 3972 1350 4037 Ill,

180 4046 270 4091 struses
289 4057 375 4105 suprs
390 4058 417 4092 sss
435 4042 529 4094 Soron.
550 4042 625 4109 Scip.
641 4043 682 4107 II,
700 4048 741 4095 10.
792 4045 833 4101 13,
850 4047 875 4091 o.
894 4050 922 4091 et
939 4040 1045 4093 Cosam.
1063 4039 1101 4103 II,
1122 4044 1165 4101 so,
1184 4043 1217 4089 ro
1233 4056 1275 4104 sq.

181 4104 210 4173 [5
229 4107 303 4173 ll.]“
318 4107 404 4158 Zeus.
824 4111 848 4158 4.
882 4126 934 4158 nors
953 4106 1116 4159 ‹licrsssssed
1131 4106 1268 4171 mmmm]
1288 4105 1350 4157 Iloc

215 4176 258 4226 eoi
276 4207 301 4224 .·
321 4174 465 4241 ministrat]
488 4174 663 4226 Indicatisus
681 4191 742 4225 suo-
790 4191 844 4225 aon
871 4175 990 4240 quadret
1012 4188 1074 4224 cum
1098 4173 1261 4225 narratione
1288 4173 1349 4221 Ilo-

180 4239 233 4294 dus
260 4258 311 4310 pro
340 4241 518 4294 coniunctius
549 4239 657 4308 positos
688 4247 742 4307 est,
791 4240 877 4299 meri,
907 4240 1037 4304 inprimis
1058 4256 1121 4290 curn
1147 4239 1273 4291 versibus
1296 4241 1347 4286 421

180 4324 265 4373 quum
293 4314 323 4362 ut
344 4309 415 4360 lssec
439 4309 599 4375 pertinesnt
619 4308 654 4360 sd
673 4307 743 4358 Cor·
792 4314 820 4359 et
837 4311 903 4358 422:
930 4302 1006 4359 'Attal
1027 4303 1060 4357 osi
1077 4304 1193 4372 pisaco
1267 4300 1349 4354 scoti·

180 4374 270 4428 nidcil
298 4377 475 4432 seutentiam.
521 4377 582 4431 t'ts.
611 4376 742 4445 prolegg.
790 4390 847 4440 μου
864 4369 889 4425 δ’
907 4368 1085 4425 ἀποπαύεο
1103 4369 1245 4437 πάμπαν.

181 4456 208 4504 p.
225 4457 282 4495 xss.
825 4443 851 4491 3.
886 4442 966 4493 etism
995 4441 1029 4494 dc
1057 4441 1153 4508 etymo]
1184 4435 1265 4490 aaut
1292 4452 1347 4488 uon
