2812 5242
140 138 203 207 illd
624 128 834 199 Macuouu

138 301 297 370 meridiem
320 297 476 372 increscit,
502 296 547 360 rel
566 297 663 381 prima
679 306 764 383 parte
783 298 854 361 unni
873 318 890 362 a
909 315 978 361 vero
994 295 1025 358 in
1046 302 1207 372 amntem,
1235 316 1309 360 mor

139 387 354 467 elanguescens
377 380 538 445 deducitur
564 382 611 446 vel
630 381 669 445 ud
688 402 829 446 oceasum
875 381 907 445 ui
934 379 1009 456 diei,
1043 380 1089 445 vel
1111 380 1150 443 ad
1176 380 1308 444 hiemem

138 491 218 553 (puae
239 468 309 532 anni
329 487 398 563 pars
419 465 620 529 videturesse
641 466 809 550 posterior:
841 401 984 561 idemque
1010 464 1107 530 oculis
1134 464 1309 548 patentibus

139 564 232 638 atque
259 553 355 633 igneis
379 549 514 614 comitur
538 569 671 634 semper,
700 557 736 614 ut
761 550 806 613 sol
829 558 942 634 patenti
962 549 1112 631 igneoque
1134 548 1225 612 oculo
1246 556 1307 611 ter-

93 638 202 705 18raru
225 643 391 720 conspectu
412 641 559 719 perpetuo
580 642 673 718 atque
693 633 868 717 infatigabili
892 633 996 697 cernit.
1044 632 1107 697 h'ec
1138 633 1221 695 solus
1243 633 1308 695 Leo

137 721 191 786 scd
213 720 297 802 signa
327 739 451 804 quoque
473 717 612 782 uuisersa
633 717 749 782 zodiaci
768 719 805 781 ad
829 727 967 782 naturam
991 716 1062 779 solis
1086 717 1151 780 iure
1173 715 1308 778 relerun-

136 814 204 871 tur:
221 814 260 881 et,
282 812 317 867 ut
337 804 376 866 ab
395 802 500 866 Ariete
524 801 674 886 incipiam,
698 822 806 897 magna
830 803 871 865 illi
894 801 1056 864 concordia
1078 809 1132 865 est.
1178 802 1256 865 Nam
1283 801 1308 863 is

136 911 191 975 per
217 910 336 952 menses
364 908 417 950 sex
445 886 589 949 hibernos
611 885 733 949 sinistro
756 888 880 950 incubat
907 885 1008 960 lateri,
1044 887 1082 949 ah
1111 885 1307 969 aequinoctio

136 995 230 1038 terno
265 994 301 1036 su
323 992 356 1034 ra
387 971 526 1033 dextrum
563 970 657 1034 latus:
697 969 777 1033 sicut
812 978 842 1034 et
877 970 922 1033 sol
956 970 994 1032 ah
1027 971 1133 1033 codem
1168 978 1308 1052 ternpore

92 1059 277 1126 llldextrurn
303 994 576 1138 hemisphaerium,
611 1052 730 1138 reliquo
755 1055 850 1119 ambit
875 1053 1040 1117 sinistrum.
1084 1054 1158 1117 ldeo
1181 1064 1212 1117 et
1229 1060 1305 1116 Aru-

138 1162 276 1216 monem,
307 1160 398 1223 quem
420 1138 510 1200 deum
534 1138 628 1203 solem
653 1138 840 1202 occidentem
862 1139 971 1222 Libyes
992 1137 1179 1214 existimant,
1204 1138 1306 1201 arieti-

137 1225 185 1289 nis
205 1224 347 1288 eoruihus
372 1223 499 1305 lingunt,
521 1223 633 1306 quibus
653 1221 782 1287 maxime
801 1223 832 1287 id
855 1221 964 1285 animal
983 1222 1071 1297 vaiet,
1090 1223 1169 1285 sieut
1191 1223 1235 1284 sol
1258 1243 1305 1286 ra-

136 1309 204 1373 diis.
247 1310 325 1375 Nam
359 1317 389 1370 et
424 1306 505 1390 apud
538 1305 671 1369 Graecos
704 1301 768 1370 dard
798 1307 857 1369 τοῦ
887 1302 972 1387 κάρα
1003 1305 1095 1388 κρίος
1127 1305 1305 1389 appellatur.

91 1393 270 1458 ternarum
293 1411 364 1456 tero
388 1390 426 1453 ad
450 1391 542 1453 solern
566 1388 669 1453 relerri
690 1389 848 1475 multiplici
870 1389 988 1453 ratione
1009 1389 1176 1474 Aegyptius
1201 1391 1303 1453 cultus

135 1476 282 1541 ostendit:
318 1475 363 1540 rel
397 1473 469 1558 quia
501 1473 582 1558 apud
611 1472 795 1558 Heliopolim
829 1481 951 1538 taurum
987 1473 1043 1538 soli
1080 1482 1302 1550 consecratum,

201 1624 280 1692 [hlss.
299 1621 425 1674 Aucus.

132 1713 203 1767 (osu.
217 1708 296 1773 pais)
314 1706 383 1756 Edd.
400 1706 430 1756 P.
451 1734 483 1744 -
501 1713 533 1757 al
549 1710 625 1771 (sup.
642 1705 705 1758 edd.
725 1705 749 1765 i)
767 1705 798 1756 A.
815 1733 848 1745 -
870 1705 975 1756 videtur
990 1720 1046 1756 esse
1061 1705 1094 1755 in
1101 1705 1189 1767 ferior
1205 1702 1300 1767 viehg.

131 1776 239 1826 videtur
261 1775 387 1837 inferior
411 1779 479 1832 (om.
503 1779 571 1832 erse)
598 1789 624 1824 e.
728 1777 768 1823 ltl.
799 1773 961 1824 Nemetis
984 1788 1045 1839 v-g.
1075 1798 1108 1809 -
1135 1772 1301 1822 hihernrrles

131 1841 203 1892 ude.
222 1841 254 1890 l‘.
279 1866 310 1878 -
332 1841 477 1891 dexteram
495 1840 569 1900 this)
589 1838 670 1891 s-hl'.
688 1866 722 1878 -
741 1842 775 1891 nt
794 1841 952 1905 cedentque
969 1839 1032 1889 ealr.
1139 1843 1180 1887 19.
1209 1839 1300 1886 llam-

131 1924 233 1959 sttouem
249 1906 359 1958 vis-hl'.
379 1935 411 1944 -
433 1908 518 1958 radiis
536 1910 574 1957 sol
592 1925 624 1958 v·
646 1947 651 1956 .
669 1935 701 1945 -
723 1902 796 1973 troipas
813 1907 881 1956 hlss.
901 1911 930 1956 sl
953 1905 1053 1972 (hgin
1072 1905 1144 1971 mg.)
1162 1905 1300 1954 e-zlltzt.

130 1970 225 2039 κέρως
243 1977 311 2036 vll-g
329 1976 359 2037 (c
372 1968 481 2038 κέρας).
499 1973 573 2037 „Pro
592 1990 673 2040 sepe,
692 1975 764 2041 quod
782 1972 926 2039 signifieat
941 1980 1033 2037 eaput,
1051 1989 1153 2036 repone
1174 1972 1216 2020 rel
1235 1987 1297 2019 cunr

131 2041 182 2089 tort.
203 2045 255 2090 ret.
273 2036 357 2104 κέρως
372 2043 415 2089 vel
433 2037 528 2106 κέρας,
553 2042 581 2091 h.
600 2058 624 2092 e.
639 2058 737 2103 cornu,
754 2043 826 2106 qrrud
843 2057 943 2091 sensus
962 2039 1017 2090 loci
1036 2047 1064 2089 et
1080 2039 1121 2089 sci
1140 2047 1239 2090 nutura
1255 2038 1299 2088 irr-

130 2106 188 2157 bet.
223 2105 292 2157 Num
312 2108 396 2171 paulo
412 2118 478 2159 ante
495 2117 712 2161 commemorate
728 2115 795 2161 snrrt
813 2108 934 2160 arietino
953 2111 1089 2158 cornus.“
1111 2107 1196 2157 zeon.

166 2243 206 2290 tu.
242 2239 348 2290 sinistro
379 2239 486 2292 ineahot
518 2242 598 2292 lateri
626 2241 689 2308 eet]
739 2241 839 2293 iisdem
860 2248 918 2300 est,
946 2240 1018 2305 qrsotl
1039 2239 1100 2290 eius
1119 2239 1297 2303 scilicetpo·

129 2306 253 2357 Eandem
273 2306 398 2357 lahulnm
417 2316 511 2359 narrat
529 2310 635 2360 delion.
653 2311 689 2359 ll.
739 2309 807 2360 steri
837 2325 853 2360 a
879 2309 939 2358 sole
969 2306 1025 2357 usti
1057 2308 1188 2372 nigrique
1211 2305 1296 2355 sint.“

129 2373 267 2433 sn.x‚1e
290 2368 688 2439 '‘luodmrtivnprdmdgoioe,
738 2376 825 2426 l'unr.
856 2402 889 2413 -
923 2375 999 2424 lnter
1026 2375 1097 2424 solis
1129 2373 1297 2440 cognomino

127 2432 165 2500 ’ἐξ
188 2438 305 2502 μηνῶν
325 2440 390 2488 τῶν
412 2439 688 2505 praeminentem
738 2448 857 2506 apparet
878 2442 992 2491 Asnnrnn
1017 2444 1089 2508 apud
1108 2442 1236 2491 lllartien.
1258 2439 1295 2497 ll,

130 2500 214 2555 κατὰ
242 2503 302 2566 τῆς
328 2498 514 2568 ἀριστερᾶς
541 2507 688 2568 πλευρᾶς
738 2510 755 2567 8
785 2513 840 2558 192.
884 2508 1063 2558 luhlnnslsins
1093 2507 1194 2558 Pantlr.
1226 2507 1295 2571 Aeg.

129 2570 267 2620 κεῖσθαι
298 2566 354 2617 καὶ
381 2567 583 2632 καθεύδειν,
617 2565 685 2620 ὅταν
737 2572 814 2634 ΙΙ,2,
833 2577 930 2637 ρ.166.
951 2575 1294 2624 uitersurellrserolriursr

130 2631 220 2686 αὐτὸν
231 2630 306 2696 αἱρεῖ
317 2630 363 2681 καὶ
376 2629 569 2697 περιλαμβάνει
586 2628 684 2692 ὕπνος·
735 2637 783 2701 qui
805 2640 924 2687 referret
942 2641 1031 2689 solern
1053 2641 1226 2690 occidentem
1247 2658 1296 2689 so-

128 2695 324 2777 ἄπὸδὲρῆς
346 2693 483 2776 ἐαρινῆς
508 2696 686 2777 Ιαρμερίας
736 2703 794 2752 enri
826 2704 1002 2764 drumonem,
1035 2707 1163 2767 quatieris
1196 2711 1295 2758 Amant

129 2764 244 2842 ἔμνραλιν
263 2762 614 2845 αναπανεσθριιῇκαταβὲ
637 2765 685 2815 δε·
734 2771 808 2834 upud
831 2770 985 2835 Aegyptios
1013 2771 1189 2836 signiticaret
1217 2774 1294 2821 oeci-

152 2831 365 2888 ιαςιιεῖσθαι.
392 2827 685 2883 Ουιιουνκαθὲκατέ-
735 2836 855 2887 dentem.
905 2837 1019 2885 l'ossius
1054 2846 1151 2886 censet
1180 2841 1292 2887 ummo-

127 2913 181 3014 ραν
193 2895 334 2976 ἰαημερίαν
351 2891 400 2973 τῂν
412 2890 567 2947 κατάκλισιν
580 2891 684 2966 ἀμείβει
734 2920 796 2954 nem
815 2904 904 2954 solem
922 2903 1094 2954 occidentem
1109 2905 1213 2954 dietum
1228 2922 1291 2955 esse

162 2979 246 3027 κριος,
265 2970 293 3012 et
310 2963 431 3012 simrlenr
450 2962 593 3015 Plutarch.
611 2965 684 3016 'l'er-
734 2987 787 3021 non
810 2971 882 3038 apud
910 2968 985 3033 ipsos
1007 2969 1126 3037 Libyes,
1156 2972 1204 3021 sed
1229 2978 1291 3022 tan-

127 3039 210 3081 restr.
233 3046 269 3080 an
295 3035 388 3094 uquut.
412 3030 495 3081 unius.
519 3032 577 3082 sint
601 3032 682 3083 ealli—
733 3055 816 3104 quern
852 3037 934 3086 «teum
966 3036 1086 3103 Libyam
1116 3039 1291 3090 occidentem

127 3097 207 3176 diprn
225 3100 325 3175 c321.(
347 3097 467 3160 ertu.)
488 3093 546 3157 Τὰς
559 3094 615 3182 γὰρ
633 3094 684 3151 αὖ·
734 3121 831 3157 versus
847 3104 1044 3165 habitantium,
1058 3114 1088 3155 ut
1104 3115 1293 3171 opponeretur

125 3180 181 3214 των
202 3168 271 3242 (poan
286 3114 409 3244 Αιβύριν)
434 3158 512 3246 ὁμοῦ,
527 3179 617 3247 πρισας
640 3161 683 3217 αἶ·
734 3171 856 3222 Mithrae
883 3171 1048 3229 Persarum,
1081 3173 1107 3223 irl
1131 3175 1202 3237 quod
1227 3192 1292 3238 pro-

124 3247 189 3346 pag,
221 3246 290 3278 οταν
317 3243 422 3311 ανασχῃ
448 3232 505 3310 regii
541 3232 622 3298 ηλίον
649 3228 682 3283 τὸ
733 3238 801 3289 hrtsrt
823 3238 1009 3289 Buttmunrrus
1029 3239 1188 3306 Mytlrnlng.
1212 3241 1238 3299 1,
1263 3260 1289 3306 p.

146 3310 228 3358 στρον
267 3296 424 3360 (Emptos),
470 3299 590 3360 ατρειιῶς
629 3294 686 3350 ἐκεῖ
731 3308 791 3355 225.
811 3311 839 3355 et
855 3305 985 3356 Crerrser.
1007 3306 1033 3368 l,
1050 3325 1075 3371 p.
1092 3311 1139 3356 2=ll
1162 3325 1203 3372 sq.
1233 3308 1288 3358 Sed

125 3358 356 3443 αρρερομέναρ
372 3357 580 3430 ἀποβλέπειν
596 3361 683 3431 πρὸς
731 3371 903 3423 Plutarchus
926 3373 961 3423 ls.
984 3381 1012 3423 et
1037 3372 1085 3423 Os.
1105 3391 1128 3423 c.
1153 3379 1177 3424 9.
1202 3376 1290 3427 tradit

125 3444 186 3494 την
203 3430 385 3508 anatolus.
473 3495 480 3508 ο
731 3437 786 3489 lsoe
815 3457 915 3490 nornen
946 3455 962 3490 e
992 3440 1160 3490 Manethone
1195 3449 1222 3491 et
1253 3444 1288 3492 eh

159 3495 279 3546 dextrum
304 3495 533 3575 hemttplwtrwm]
560 3497 637 3548 ldem
663 3500 680 3562 S
732 3504 875 3557 lleestseo
894 3505 994 3557 relerri
1010 3508 1044 3557 ad
1061 3504 1171 3571 κρύψιν.
1207 3508 1288 3561 Conl.

124 3564 166 3612 lh.
191 3569 308 3612 roestur
334 3572 480 3613 sestrvurn.
516 3564 566 3614 Est
590 3565 681 3616 herni-
731 3573 816 3624 etism
836 3574 989 3624 Beni-Erre.
1009 3591 1032 3624 s.
1052 3591 1076 3624 r.
1096 3578 1216 3624 Ammon.

123 3628 285 3695 sphaeritrus
299 3629 517 3695 septentrionale
530 3633 601 3696 qrrorl
616 3632 681 3696 soli,

122 3703 154 3745 ut
169 3696 293 3756 videtur,
319 3699 354 3747 eb
373 3696 480 3747 oriente
499 3698 532 3747 etl
551 3700 681 3751 oceiden-
730 3736 738 3751 .
1044 3739 1051 3752 .
1277 3740 1285 3754 ,

122 3770 178 3814 gem
199 3762 303 3815 meanti
321 3765 507 3815 madum
524 3765 621 3816 mm·
729 3737 794 3787 rude
822 3746 880 3799 est,
911 3740 983 3805 quod
1011 3742 1161 3791 orrentoles
1189 3742 1285 3805 popnlr

159 3833 198 3879 19⁸
235 3835 397 3896 Ammonem,
414 3848 488 3898 quem
506 3833 581 3882 deum
599 3833 679 3884 ,opem
728 3806 858 3855 corniceri
881 3821 931 3870 pro
952 3808 1061 3857 rediere
1083 3824 1131 3856 seu
1150 3824 1288 3888 coruscare

121 3896 279 3946 occidentem
304 3897 395 3974 lsihpcs
418 3899 567 3950 existimant
605 3900 679 3962 „Fe-
728 3880 906 3989 ffiffillssft'ffi‘·
942 3873 1287 3990 U¹¹2⁰v⁶⁸nlt¹¹⁰¹¹f⁰fl¹¹¹lf

120 3961 351 4025 “mpompffim
373 3964 427 4029 [ψ’
452 3964 531 4015 pm
557 3967 605 4017 Μ’
629 3967 677 4029 lx'
728 4020 842 4055 ruseare
882 3956 1070 4057 dequriidiarue
1111 3958 1285 4059 :idepppmep‘

119 4028 366 4155 pkutffi.nplttpp(l¹ti.t]‚
383 4031 677 4166 Ιβῖἳιωῖιέιῖιτωῗέἓε
726 4070 815 4121 Portu.
835 4100 868 4111 -
887 4073 966 4124 cnnl.
981 4074 1107 4124 Murtiun.
1125 4074 1160 4123 ll.
1180 4094 1206 4140 p.
1226 4027 1283 4126 thr.

119 4163 335 4242 terminarentur,
361 4179 431 4242 quate
454 4164 561 4215 Grneee
583 4160 677 4246 fiditer,-
724 4139 1283 4256 thrrepilhiattulitlloppiunetlleal.

118 4226 231 4279 diestnr.
274 4229 308 4278 At
329 4245 443 4294 proprus
468 4231 591 4282 llehrser
616 4248 674 4284 reus
749 4221 839 4270 ⁰⁶50·
869 4223 916 4258 ·⁰·

117 4295 260 4362 explicent
276 4294 508 4375 qrrihusllammn
524 4315 576 4349 vos
593 4299 673 4350 solem
756 4297 812 4353 ἀπὸ
837 4303 889 4354 τοῦ
910 4303 994 4373 κάρα]
1022 4306 1070 4359 Sic
1091 4306 1201 4359 videtur
1220 4304 1278 4354 Ma.

117 4378 151 4411 sre
171 4364 282 4442 celerem
303 4363 409 4414 diserte
435 4369 527 4429 notet,
550 4365 623 4416 nude
645 4372 674 4418 et
722 4368 835 4421 crebius
865 4370 927 4439 ipse
952 4374 1102 4442 scripsisse
1128 4387 1192 4439 pro:
1221 4366 1278 4422 sind

120 4429 202 4480 Chen
230 4443 292 4482 stre
321 4430 410 4485 lllsrsns
439 4446 549 4499 quoque
580 4431 672 4486 dietus
721 4435 772 4489 τοῦ
787 4432 877 4504 κέρας.

764 3672 884 3722 arietinis
913 3673 1033 3723 cornibus
1054 3674 1178 3740 fingunt]
1205 3673 1287 3735 „Hoc
