2812 5242
191 142 255 209 606
674 134 885 202 MAGROBII

140 313 182 379 il
193 309 253 376 Sed
274 306 439 373 Eustathio
458 306 517 370 iam
539 303 626 380 cedo,
648 304 698 369 cni
721 303 873 389 praeripui
896 304 1076 370 consulendi
1097 304 1214 371 locum.
1259 305 1362 372 Eiista-

192 395 288 460 thius:
315 392 411 457 Modo
438 390 483 454 iicl
508 388 553 452 vir
582 389 720 453 omnium
749 388 967 454 disertissimus
989 390 1144 455 Eusebius
1167 391 1216 456 iel
1240 392 1362 476 quicun-

193 501 254 577 que
276 477 379 543 volent
398 474 448 538 alii
471 473 509 538 ad
530 473 706 538 exercitium
729 474 961 540 consultationis
980 475 1145 554 accedant,
1176 496 1238 541 iios
1265 486 1362 562 pastea

192 562 336 628 liberiore
356 559 420 625 otio
442 558 684 642 congrediemur.

276 647 317 710 X.
360 645 459 728 Ergo,
494 644 538 707 ait
553 643 724 717 Eusebius,
758 640 918 707 habendus
939 643 1015 707 mihi
1034 664 1134 708 serino
1158 653 1225 719 est,
1261 645 1363 717 Disari,

191 739 293 797 tecum
323 729 362 794 de
386 738 486 793 aetate
510 727 597 792 cuius
625 728 745 791 ianuam
770 725 829 790 iam
860 749 956 811 paene
975 730 1066 793 ambo
1088 729 1261 813 pulsamus.
1305 731 1364 793 llo·

192 836 305 892 merus,
326 834 398 879 cuni
417 832 506 877 senes
527 807 811 895 πολιοκροτάφους
832 820 929 889 iocat,
950 833 1077 896 quaero,
1095 821 1203 879 utrum
1224 835 1265 880 ex
1285 824 1365 898 parta

191 900 311 987 poetico
336 918 422 964 moro
445 904 545 962 totum
572 905 664 981 caput
683 895 854 981 significare
875 897 961 973 velit,
990 918 1028 963 an
1058 897 1225 981 exaliqua
1251 899 1364 964 ratione

160 988 285 1055 heanos
306 984 378 1049 huic
397 981 559 1068 praecipue
601 981 658 1046 arti
679 980 787 1067 capitis
807 981 964 1066 adsignet?
1008 984 1050 1047 Et
1066 982 1224 1048 Discrius:
1248 983 1291 1047 Et
1312 982 1364 1048 lioc

190 1070 313 1136 divinus
338 1068 388 1133 ille
411 1002 689 1150 imprudenter,
712 1074 747 1131 ut
765 1074 875 1131 cetera.
919 1067 996 1132 Nam
1016 1087 1085 1151 pars
1102 1066 1243 1131 anterior
1263 1068 1364 1154 capitis

191 1153 347 1220 humidior
365 1149 507 1248 occipitio
525 1158 587 1226 est,
615 1159 646 1215 et
669 1150 741 1214 inde
761 1152 869 1215 crebro
889 1152 966 1216 solet
989 1151 1123 1249 incipere
1145 1151 1285 1218 canities.
1327 1153 1365 1217 Et

141 1238 240 1330 [accpi
257 1257 327 1324 pars
349 1244 491 1311 anterior,
509 1233 553 1298 ait
568 1234 627 1311 ille,
645 1235 800 1301 humidior
816 1243 871 1311 est,
889 1256 945 1300 cur
963 1237 1116 1301 calvitium
1137 1236 1267 1320 patitur,
1283 1237 1364 1322 quod

162 1328 255 1394 enon
276 1321 334 1387 nisi
360 1342 396 1384 ex
416 1319 553 1384 siccitate
582 1319 750 1404 contingit?
792 1319 972 1405 Oportuna,
1001 1321 1102 1406 inquit
1123 1321 1285 1399 Disarius,
1313 1322 1362 1387 ob

192 1407 296 1483 lectio,
333 1405 385 1470 sed
414 1404 491 1468 ratio
519 1424 581 1468 non
609 1404 741 1470 obscura
765 1412 820 1471 est
865 1405 972 1470 Partes
999 1406 1080 1470 enim
1111 1405 1230 1489 priores
1260 1406 1363 1491 capitis

192 1491 264 1556 lecit
282 1497 391 1554 natura
416 1487 559 1563 rariores,
580 1497 616 1553 ut
637 1488 784 1573 quicquid
807 1490 953 1574 superllui
975 1500 1030 1555 aut
1049 1489 1142 1554 lumei
1165 1491 1259 1555 ssatus
1286 1492 1364 1556 circa

191 1575 351 1641 cerebrum
377 1571 468 1637 fucrit
497 1581 657 1638 evanescat
681 1595 736 1659 per
763 1572 865 1658 plures
893 1583 1026 1640 meatus:
1057 1574 1139 1639 unde
1169 1573 1363 1640 iidemusin

191 1660 279 1726 siccis
304 1657 515 1724 defunctorum
543 1657 694 1741 capitibus
715 1659 798 1724 velut
819 1660 966 1743 quasdam
989 1669 1111 1724 suturas
1134 1660 1250 1744 quibus
1271 1661 1363 1726 hemi·

190 1744 347 1832 sphaeris,
376 1751 412 1809 ut
443 1742 485 1806 ita
509 1741 653 1820 dixerim,
686 1743 795 1828 capitis
822 1744 993 1840 alligantur.
1045 1744 1169 1822 Quibus
1202 1744 1299 1828 igitur
1324 1745 1363 1811 illi

192 1837 311 1895 meatus
337 1826 450 1892 luerint
475 1826 650 1910 ampliores,
677 1828 837 1893 humorem
860 1828 996 1893 siccitate
1017 1837 1138 1893 mutant
1158 1837 1189 1894 et
1211 1830 1283 1895 ideo
1304 1838 1363 1894 tar-

161 1914 259 1980 ddius
286 1918 465 1986 canescunt,
499 1910 552 1975 sed
576 1932 638 1976 non
662 1912 783 1979 calvitio
808 1921 921 1978 carent
965 1913 998 1979 Si
1022 1934 1094 1997 ergo
1122 1914 1244 1978 siccitas
1264 1914 1364 1980 calvos

191 1996 301 2073 allicit,
322 2003 354 2059 et
374 1994 544 2079 posteriora
564 1996 673 2082 capitis
690 1997 818 2063 sicciora
839 2018 906 2062 esse
927 1997 1046 2075 dixisti,
1070 2019 1125 2063 cur
1144 1999 1265 2064 calvum
1283 2000 1363 2065 ocei-

160 2081 300 2168 5pitium
321 2100 490 2164 numquam
512 2080 672 2147 videmus?
722 2083 779 2149 llle
799 2082 972 2167 respondit:
998 2082 1125 2149 Siccitas
1146 2083 1282 2168 occipitii
1302 2106 1363 2151 non

190 2188 228 2233 ex
247 2165 319 2231 iitio
339 2164 393 2230 sed
411 2185 449 2228 ex
470 2174 578 2231 natura
596 2174 657 2232 cst:
676 2166 746 2232 ideo
768 2167 912 2233 omnibus
932 2169 1010 2233 sicca
1032 2176 1104 2233 sunt
1123 2168 1274 2253 occipitia.
1317 2170 1365 2234 Ex

190 2252 241 2317 illa
262 2258 365 2316 autem
384 2249 521 2314 siccitate
542 2251 696 2317 calvitium
716 2254 853 2318 nascitur
872 2272 953 2338 quae
972 2272 1027 2338 per
1047 2253 1155 2318 malam
1173 2254 1363 2339 temperiem,

160 2336 283 2423 dquam
305 2334 414 2403 Graeci
432 2334 636 2419 δυσκρασίαν
657 2336 757 2404 solent
777 2357 902 2415 vocare,
925 2338 1082 2422 contingit.
1126 2338 1213 2404 Unde
1234 2338 1361 2425 capillos

272 2519 339 2572 lllr.
429 2521 464 2573 ΙΙ.

256 2520 290 2653 ΙΙ.
317 2520 426 2670 ΙΟοΙιΙΙσε
437 2604 469 2658 X.
503 2605 556 2669 Qui
568 2607 640 2671 fiat,
665 2614 695 2659 st
715 2606 852 2661 cclaitiism
873 2609 975 2676 pariter
994 2616 1073 2676 iitpiie
1090 2608 1200 2659 canities
1218 2608 1364 2660 anteriores

187 2669 285 2737 eripitis
299 2679 391 2737 parter
405 2671 522 2787 primam
542 2673 682 2726 iriuadarit.
714 2674 817 2728 Deinde
833 2693 879 2727 car
894 2677 1004 2740 seminia
1021 2685 1102 2741 atpiic
1114 2674 1243 2726 ennuchis
1263 2693 1313 2727 υοα
1330 2677 1363 2727 rit

187 2754 268 2856 stis
283 2736 624 2875 saisierit..
644 2741 1257 2870 ..tisri{trascritti:cliiii
1276 2745 1363 2875 ag.

187 2872 210 2936 l,
229 2877 252 2924 l.
278 2899 302 2911 -
330 2890 388 2924 curn
409 2889 550 2924 rcaeioin.
571 2891 596 2923 v.
613 2902 647 2912 -
664 2867 901 2939 πολιοκροτάφους
917 2888 969 2923 oin.
988 2873 1016 2922 S.
1034 2898 1067 2908 -
1086 2872 1243 2937 significari
1262 2875 1325 2924 All.

255 2943 280 2988 ὓ.
309 2941 412 3004 occipio
433 2941 467 2990 ll.
495 2968 519 2978 -
540 2948 564 2991 et
581 2942 644 2993 iride
661 2976 685 2992 ..
703 2940 834 2991 humidior
852 2947 890 2989 ert
907 2956 960 2988 oin.
978 2937 1007 2988 S.
1025 2964 1059 2974 —
1079 2955 1124 2988 cur
1147 2937 1284 2987 calvitium
1303 2957 1362 3005 pa-

187 3005 265 3070 titnr]
285 3003 328 3054 Gi.
345 3007 423 3057 Alex.
440 3007 462 3067 l,
477 3011 502 3058 2.
521 3014 549 3060 et
567 3007 603 3069 ΙΙ,
624 3011 663 3059 ta.
689 3033 722 3045 -
747 3006 865 3056 siccitate
881 3006 951 3068 (orii.
969 3005 1014 3068 ea)
1027 3020 1070 3054 rs.
1173 3007 1198 3052 ³.
1230 3004 1363 3070 Optima

187 3071 219 3122 Α.
237 3098 264 3109 -
285 3072 435 3140 illigantur
447 3074 562 3142 Atii-g.
663 3074 687 3122 4.
709 3079 742 3123 iit
757 3073 905 3137 posteriora
925 3071 1035 3137 HSv-ir.
1053 3100 1087 3110 -
1103 3072 1242 3138 occipicio
1256 3071 1360 3132 (intrat

187 3138 315 3204 occipio,
343 3141 398 3191 acci
423 3142 461 3200 ii)
488 3141 518 3192 Ρ.
619 3143 644 3190 b.
674 3141 866 3191 Aicmcixii·
886 3139 985 3191 tutta
1003 3140 1062 3200 (ΙΙΙ
1084 3143 1223 3197 Acciri).
1258 3156 1312 3191 oin.
1331 3141 1359 3193 S.

186 3198 363 3271 αὖιιρασιααι
394 3237 412 3258 ι.
447 3202 587 3274 οιάρασίαυ
604 3222 660 3259 σ-ι.
686 3232 721 3244 -
744 3221 838 3258 cacare
857 3209 940 3260 solent
958 3223 1018 3274 υ-ς.
1121 3210 1147 3256 6.
1178 3206 1249 3258 lade
1267 3206 1299 3259 Ε.
1327 3236 1357 3246 -

187 3391 261 3455 tina,
289 3392 397 3444 Graece
420 3393 526 3461 scripta
549 3395 577 3447 ln
597 3394 698 3447 codd
721 3399 749 3446 et
799 3400 923 3458 meatur,
950 3390 1048 3461 πόροι,
1075 3398 1106 3444 nt
1129 3399 1247 3459 apparat
1266 3410 1299 3444 cx
1323 3393 1359 3445 ils

186 3458 215 3511 in
233 3460 558 3529 codicisSarchetypo.
798 3477 870 3578 hm
895 3469 1058 3526 sequuntur.
1098 3459 1141 3510 cl.
1168 3477 1191 3510 r..
1217 3462 1248 3521 l,
1272 3461 1286 3522 5
1315 3466 1359 3512 23.

220 3528 374 3578 consulendi
390 3529 487 3594 locam]
507 3530 549 3579 Gi.
568 3547 591 3580 c.
608 3528 662 3594 hl
685 3531 747 3592 leq.
823 3528 934 3579 lexaiid.
974 3528 1112 3580 Problem.
1152 3526 1235 3593 pliyr.
1272 3527 1300 3588 Ι,
1332 3531 1360 3578 2.

219 3593 259 3658 ll,
278 3600 304 3645 2.
340 3594 473 3646 humidior
487 3597 608 3662 occipitio
627 3603 665 3647 cit
684 3592 749 3660 cet]
799 3591 869 3646 διότι
885 3590 996 3661 μαλακὰ
1014 3592 1060 3645 καὶ
1077 3587 1279 3657 ἆραιόπορα.

185 3659 342 3713 Alexander
372 3662 513 3712 Problem.
543 3663 624 3729 pliys.
655 3662 682 3725 l,
709 3668 747 3712 l.=
827 3663 917 3727 scinci
929 3663 1025 3729 flatus]
1049 3659 1093 3711 (ΙΙ.
1115 3677 1138 3710 c.
1156 3663 1186 3721 ⁵,
1208 3659 1221 3725 l
1243 3662 1283 3710 it.
1309 3662 1358 3712 Ce-

177 3719 238 3777 “Ori
260 3722 298 3787 cic
314 3723 358 3779 ἐπὶ
375 3726 407 3778 τὸ
424 3730 560 3794 πλεῖστον,
580 3729 686 3794 inquit,
707 3723 748 3779 ir·
799 3731 902 3781 rebrurn
919 3764 941 3781 ..
953 3730 1022 3795 serit
1036 3731 1052 3792 s
1056 3728 1124 3779 aiiii
1141 3728 1251 3779 ealcrrtir
1265 3744 1359 3795 asper-

184 3792 284 3844 risen
303 3792 335 3845 cl
352 3793 446 3845 πολιαὶ
463 3789 605 3860 ἄρχονται,
619 3795 658 3864 τῷ
676 3790 747 3846 εἶναι
797 3798 871 3866 gine.

183 3853 219 3907 roi
251 3856 409 3923 ἐμπρόσθια
446 3862 496 3927 τῆς
531 3877 560 3912 κε
584 3861 651 3927 elipe
690 3861 747 3912 τῶν
831 3868 858 3914 4.
900 3864 1047 3931 posteriorc
1077 3861 1182 3929 capitii]
1218 3861 1237 3911 i.
1267 3877 1290 3912 e.
1323 3857 1359 3912 τὰ

184 3879 583 4003 ἂπισρίωνῦγρότεραααΙ
603 3929 747 3995 φλεγμα-
797 3925 943 3982 ὀπίσθια
970 3930 1019 3995 τῆς
1046 3929 1174 3995 κεφαλῆς.
1220 3927 1263 3979 Cf.
1291 3930 1307 3991 S
1333 3933 1359 3979 3.

183 4003 357 4056 τιαωτερα.
795 4005 912 4064 parter
923 3999 1053 4065 priores
1070 3998 1166 4063 capitis
1181 4000 1210 4046 et
1222 3997 1252 4058 V,
1265 3999 1305 4058 ll,
1319 3999 1357 4045 io.

217 4074 270 4108 nori
288 4059 341 4109 nisi
359 4076 390 4109 cr
408 4062 535 4126 siccitate!
563 4060 605 4111 ΘΙ.
629 4078 653 4111 c.
671 4064 704 4122 d,
729 4063 746 4123 S
796 4063 1359 4130 eorporisrupernc.l'id.prol.pmix.

185 4125 227 4175 ll.
260 4125 334 4189 Quae
361 4127 523 4187 (calvitium
554 4133 583 4178 ct
613 4127 746 4187 canities)
830 4135 854 4180 b.
896 4133 936 4181 li'r
962 4133 1011 4181 illa
1035 4133 1200 4183 siccitate..
1227 4147 1296 4196 pirae
1312 4145 1360 4196 per

183 4207 235 4242 nori
252 4194 305 4244 nisi
328 4193 446 4261 inopia
469 4196 595 4247 caloris
613 4196 746 4258 eueniant,
796 4198 896 4248 malam
913 4199 1062 4265 temperiem
1082 4235 1108 4249 ..
1128 4197 1270 4265 contingit]
1295 4197 1359 4248 ille-

183 4263 212 4309 et
230 4257 304 4311 inira
323 4263 339 4324 §
356 4266 383 4312 8.
796 4265 902 4315 rander
928 4264 946 4314 l.
972 4281 994 4314 c.
1024 4265 1094 4315 dicit
1121 4271 1243 4315 tantonis
1274 4257 1305 4315 Ἡ
1330 4258 1360 4313 dl

217 4329 361 4395 contingit]
377 4327 420 4378 Cf.
438 4329 472 4391 ἓξ
490 4331 507 4378 b
525 4332 553 4378 el
569 4331 611 4389 9.,
631 4333 659 4379 el
677 4345 700 4378 c.
718 4331 744 4392 6,
796 4327 971 4398 melducense
995 4329 1047 4397 τὴν
1069 4328 1172 4398 γένεσιν
1192 4326 1221 4381 ἐκ
1243 4325 1360 4395 {pprim-

183 4387 237 4450 Μ.
257 4400 286 4443 et
304 4402 370 4455 ct,
390 4395 403 4458 ξ
426 4399 465 4444 ia.
795 4413 842 4457 coc
860 4395 923 4464 ἔχει.

216 4460 242 4505 8.
278 4461 402 4525 rariores]
418 4475 503 4526 qaam
522 4461 617 4525 plures
636 4459 672 4513 tt·
687 4460 745 4513 sint
829 4468 855 4515 6.
892 4465 1003 4531 capillos
1026 4464 1116 4531 στίφη
1146 4464 1207 4516 ΙἸιΙ.
1227 4464 1359 4531 prolegg.

77 4584 137 4632 h
