2812 5242
305 453 668 521 SATURNnuuRUM
690 454 767 520 LlB.
790 456 859 521 Vll.
883 458 974 525 CAP.
998 461 1082 524 Vlll.
1212 465 1277 530 599

102 624 184 688 mine
204 623 249 688 vis
272 620 397 685 caloris:
428 621 557 704 quaesi
580 622 720 688 idoneam
744 624 900 689 materiem
920 626 1062 711 suscipit,
1088 627 1183 693 libere
1203 651 1275 694 con·

101 707 238 792 greditur
259 715 290 770 et
311 706 371 770 cito
395 725 460 768 eam
484 704 513 768 in
533 707 759 773 concertatione
776 709 938 787 consumit,
960 709 1056 777 levem
1075 713 1167 777 modo
1190 734 1275 798 prac-

102 793 174 858 terit
195 801 231 856 ut
254 792 408 866 latentem,
428 790 520 854 modo
544 791 574 855 in
593 793 726 857 cinerem
749 794 852 877 potius
876 816 968 879 quam
988 795 1019 858 in
1044 817 1151 861 sucum
1173 799 1277 864 vertit:

100 887 137 943 ut
162 877 298 961 ingentia
328 876 439 939 robora
468 875 499 938 in
527 877 693 943 carbonum
716 877 812 942 lrusta
843 879 973 943 lucentia
1007 879 1077 964 igno
1105 890 1276 959 vertuntur,

100 963 205 1048 paleae
227 961 252 1026 si
282 961 312 1025 in
339 960 439 1045 ignem
468 960 647 1039 ceciderint,
679 984 750 1027 mox
773 963 871 1027 solum
895 963 933 1028 de
955 963 998 1027 eis
1021 964 1153 1030 cinerem
1180 976 1275 1032 restat

100 1048 205 1113 rideri.
251 1047 354 1110 llabes
384 1053 415 1108 ct
437 1044 496 1109 hoc
520 1048 689 1132 exemplum
717 1068 779 1111 non
804 1048 978 1125 dissonum,
1012 1049 1095 1133 quod
1120 1051 1304 1147 potentiorli

100 1134 179 1196 mola
203 1132 351 1228 ampliora
374 1150 466 1213 gram
491 1130 665 1216 confringit,
687 1131 803 1216 integra
827 1133 873 1198 illa
895 1143 1066 1217 quaesunt
1088 1137 1323 1224 minutiorapnsrp

100 1217 406 1282 transmittrttrento
429 1214 523 1279 nimio
545 1216 628 1282 abies
650 1225 704 1281 aut
722 1238 854 1303 quercus
872 1219 1020 1297 avellitur,
1041 1241 1167 1284 cannam
1189 1222 1270 1289 nulla

100 1301 187 1365 lacilc
206 1301 317 1383 frangit
341 1300 480 1384 procella.

185 1386 326 1469 Cumque
345 1385 456 1450 Furius
478 1382 647 1450 delectatus
667 1384 836 1451 enarrantis
858 1386 980 1469 ingenio
1005 1387 1091 1471 plura
1112 1388 1201 1453 vellet
1225 1390 1299 1457 int

100 1478 270 1554 terminare,
308 1469 437 1534 Caecina
463 1489 497 1532 se
518 1470 650 1534 Albinus
674 1470 801 1536 obiecit:
835 1470 912 1534 Mihi
957 1491 1060 1555 uoquc
1084 1471 1270 1539 desiderium

100 1564 147 1619 cst
174 1553 306 1619 habendi
334 1553 486 1639 paulisper
513 1555 626 1640 negotii
654 1576 723 1619 curn
753 1564 815 1618 tam
842 1492 972 1619 lacunlla
990 1556 1101 1620 Disarii
1123 1558 1271 1625 doctrina.

77 1640 173 1716 ,uic
194 1660 250 1705 oro
270 1646 316 1715 te,
337 1659 416 1723 quae
439 1637 511 1702 lacit
532 1661 639 1716 causa,
661 1648 697 1705 ut
716 1639 813 1724 sinapi
835 1647 867 1703 et
886 1640 980 1724 piper,
1000 1641 1025 1703 si
1046 1642 1183 1725 adposita
1205 1644 1269 1708 euti

100 1723 225 1801 luerint,
259 1724 368 1788 vulnus
389 1723 522 1787 excitent
543 1734 573 1788 ot
595 1725 659 1789 loca
684 1725 851 1810 perforent,
888 1724 1032 1788 devorata
1055 1746 1126 1791 voro
1153 1728 1267 1792 nullam

99 1810 213 1874 ventris
235 1809 356 1894 corpori
379 1807 510 1872 inierant
532 1809 722 1874 laesionem?
765 1810 806 1872 Et
826 1808 984 1872 llisarius:
1008 1809 1139 1893 Species,
1160 1812 1300 1896 inquit,8

98 1903 130 1959 et
150 1916 235 1960 acres
255 1902 286 1958 et
305 1894 419 1958 calidae
439 1894 629 1978 superficiem
648 1895 697 1959 cui
718 1893 915 1978 adponuntur
932 1893 1115 1971 exulcerant,
1134 1896 1206 1980 qnia
1224 1897 1268 1960 in-

98 1988 182 2063 tegra
204 1980 315 2044 virtuto
336 2001 392 2044 sua
416 1978 482 2042 sine
504 1979 628 2045 alterius
649 1979 694 2044 rei
717 1978 903 2043 admixtione
928 1987 1059 2042 utuntur
1079 1980 1117 2043 ad
1140 2002 1268 2046 noxam:

97 2065 150 2128 sod
174 2065 198 2128 si
221 2065 408 2130 inventrem
432 2084 500 2128 rece
522 2072 571 2129 tae
591 2064 667 2141 sint,
698 2063 827 2128 solvitur
849 2062 894 2126 ris
919 2082 1023 2126 earum
1048 2064 1189 2129 veneratis
1209 2065 1265 2129 lru-

98 2150 192 2214 moris
216 2150 382 2226 alluvione,
417 2169 477 2233 qua
501 2086 580 2213 llunt
610 2147 782 2214 dilutiores:
817 2145 928 2211 deindo
951 2147 1034 2231 prius
1055 2156 1215 2214 vertuntur
1235 2150 1267 2214 in

97 2254 205 2299 sucum
230 2235 342 2298 ventris
361 2234 461 2297 calore
482 2253 573 2317 quam
594 2243 629 2299 ut
649 2234 783 2317 integrae
805 2232 922 2316 possint
943 2252 1062 2296 nocere.

184 2319 314 2383 Caecina
339 2318 484 2382 subiecit:
513 2319 597 2383 llum
626 2318 665 2384 da
692 2319 794 2384 calum
817 2316 990 2402 loquimur,
1022 2336 1200 2381 ammoneor
1222 2315 1296 2383 roil)

894 2505 964 2554 Edd.
983 2501 1197 2570 ricalrgspdalr.]

97 2587 170 2653 cipit,
189 2587 292 2639 libero
310 2589 506 2656 suscipitur,
524 2588 604 2638 litere
620 2589 791 2658 congreditur
809 2603 864 2637 s·a.
886 2614 910 2624 -
930 2589 1045 2650 frustra
1062 2585 1127 2635 drl.
1148 2582 1265 2649 „Scribo

92 2656 220 2719 sraela.“
241 2655 346 2706 Morare.
364 2683 396 2693 -
415 2656 566 2707 acciderint
587 2655 622 2706 ll.
724 2661 748 2707 7.
775 2655 904 2719 secunda
922 2655 998 2718 (step.
1017 2652 1095 2712 ald.
1114 2652 1265 2717 -te‚s‘n-

96 2723 177 2789 quit,
194 2739 261 2788 quac
281 2740 341 2790 mg.
359 2750 395 2761 ·-
411 2732 441 2774 set
454 2724 543 2789 sinapi
561 2730 585 2773 et
600 2723 677 2789 piper
692 2722 757 2787 eet]
776 2722 817 2772 Cl,
835 2722 912 2772 Alex.
930 2721 952 2780 l,
972 2722 1014 2770 uo.
1033 2745 1066 2757 -
1083 2718 1190 2784 sinapis
1207 2718 1264 2769 Sll·

96 2815 129 2827 -
153 2791 267 2842 excitent
284 2793 380 2842 uulnus
398 2807 459 2857 r-g.
488 2815 514 2827 —
542 2791 633 2841 centri
656 2806 709 2842 sea
734 2791 836 2857 corpori
854 2787 925 2839 coni.
942 2787 1022 2838 Parit.
1125 2791 1151 2835 8.
1178 2787 1264 2852 adpo-

95 2866 200 2908 nsntnr
217 2865 292 2925 (sup.
307 2863 340 2919 a)
358 2860 388 2908 Ρ.
423 2865 595 2925 opponuntur
611 2857 669 2908 s-t.
696 2857 783 2923 „laem
804 2856 1007 2925 apponuntur.⁶‘
1025 2855 1105 2905 Porri·
1129 2879 1163 2890 -
1188 2854 1264 2904 scits·

94 2925 151 2975 rina
166 2924 198 2976 P.
213 2953 242 2962 -
262 2927 430 2978 admistione
447 2942 507 2992 r-g.
525 2951 558 2963 -
573 2932 692 2992 receptas
712 2927 763 2976 sint
782 2925 884 2991 scripsi
903 2941 918 2974 e
936 2922 1008 2975 cossi.
1042 2929 1149 2988 recepta
1168 2928 1216 2972 est
1233 2920 1264 2973 P.

94 3000 202 3061 recepta
218 2993 271 3047 sint
288 2993 357 3045 lldd.
373 2993 453 3045 ASH.
469 2993 641 3061 -integrae
655 2991 758 3061 scripsi
775 3009 790 3044 e
808 2993 880 3046 coni.
898 2994 1010 3059 integra
1026 2989 1096 3041 Edd.
1113 2995 1142 3040 et
1160 2987 1229 3039 Mes.

126 3177 203 3227 modo
228 3176 367 3244 praeterit]
402 3175 481 3230 Nihil
514 3177 652 3231 eiusmodi
738 3179 763 3225 ⁸·
801 3173 916 3241 Species]
942 3170 985 3221 Cf·
1003 3186 1026 3219 θ·
1048 3171 1124 3231 ¹³25
1144 3171 1188 3217 ῃ·
1211 3171 1263 3233 (Μ

92 3241 179 3294 hahet
198 3244 363 3295 Alexander.
703 3258 716 3292 s
746 3241 835 3292 scies
852 3241 958 3304 aliquas
973 3253 1025 3303 pur
1048 3242 1109 3288 atas
1121 3235 1221 3295 salunt,
1235 3243 1264 3289 et

96 3311 486 3437 „fissit-nursini*
513 3309 654 3379 ·³¹¹¹¹·¹¹⁰¹·
703 3259 1117 3439 tl·s;¹u?.¹⁸;:l.il,'tc
1132 3305 1264 3436 trimi

128 3440 212 3491 solans
230 3441 311 3491 decis
328 3443 536 3493 cincremrestat
554 3442 652 3508 cidere]
704 3447 732 3492 et
753 3439 862 3491 Pallad.
884 3439 984 3489 Octols.
1008 3440 1047 3488 tt.
1076 3438 1130 3489 Dia
1156 3409 1264 3506 agitari·

94 3507 113 3558 i.
136 3524 159 3556 e.
184 3513 272 3556 restat
296 3514 325 3557 ut
349 3507 427 3556 salus
448 3507 520 3557 cinis
542 3510 654 3574 eonspi·
703 3508 821 3571 curratis,
855 3511 884 3556 at
910 3505 1092 3572 specierum
1119 3505 1159 3555 uis
1190 3520 1265 3555 omno

93 3574 193 3626 ciatur.
221 3573 313 3622 liuius
334 3573 552 3624 constructionis
570 3591 654 3626 unum
704 3576 784 3626 musti
800 3590 893 3653 corpas
911 3573 1020 3638 injiciat.
1056 3571 1263 3623 ludenostruur

95 3640 189 3694 inveni
231 3640 387 3704 exemplum
423 3641 496 3705 apud
531 3640 654 3694 Sestion
705 3641 910 3707 „Speceresers“.

94 3710 174 3776 Sylr.
197 3709 245 3770 lV,
269 3713 294 3769 l,
316 3711 356 3757 40.
387 3708 504 3759 Restat
527 3709 655 3761 Baetra
739 3706 911 3773 superficiem]
929 3703 973 3756 Gi.
991 3722 1015 3754 e.
1031 3709 1056 3766 6,
1074 3704 1088 3768 5
1103 3706 1130 3753 a.

93 3779 183 3838 nasis,
216 3782 325 3828 restat
353 3774 525 3840 Babylona
549 3778 655 3828 tributis
739 3774 763 3825 si
784 3774 812 3824 in
838 3781 953 3825 uentrem
977 3778 1097 3837 receptae
1118 3767 1183 3832 sint]
1211 3765 1264 3816 ra-

96 3845 248 3896 l'reaari.
705 3839 841 3891 minimum
861 3856 950 3907 genus
973 3843 1034 3889 erat
1052 3834 1265 3894 restituendum,

127 3916 151 3962 6.
194 3909 334 3979 potentior]
364 3907 382 3960 i.
411 3923 435 3958 a.
467 3906 564 3960 maior.
606 3907 655 3959 Sic
704 3923 768 3958 narn
809 3908 880 3959 lraec
920 3903 1080 3957 necessario
1117 3900 1265 3953 referenda

93 3994 144 4028 nos
173 3980 244 4043 quod
276 3992 459 4044 permagnum
490 3980 534 4025 est
569 3974 654 4042 volgo
703 3974 817 4026 suntad
834 3967 1265 4041 species,quiasequiturearsms

94 4044 214 4096 dicimus
231 4045 397 4111 allmdcltig.
434 4042 563 4093 Ceterum
582 4057 654 4108 quae
704 4048 732 4093 et
759 4043 904 4094 dilectiores.
946 4039 1023 4089 lnlra
1048 4035 1150 4102 scripsi
1179 4033 1264 4086 etism

93 4112 148 4163 lsac
167 4111 346 4178 paragrapho
364 4110 542 4162 continentur
558 4109 592 4161 de
603 4126 654 4161 sno
703 4110 838 4178 integrae
855 4107 952 4159 eadem
969 4105 1003 4155 de
1022 4119 1116 4155 cause.
1134 4102 1266 4154 Fortasse

92 4179 201 4232 addidit
220 4178 389 4229 Macrobius.
704 4193 783 4227 error
802 4175 965 4226 indonatus
985 4177 1043 4238 est,
1062 4169 1135 4238 qnod
1156 4171 1184 4222 in
1202 4185 1265 4220 ver·

127 4253 152 4295 7.
187 4263 245 4296 cara
264 4254 319 4298 tans
335 4245 457 4307 facunda
472 4244 575 4295 Disarii
591 4243 654 4296 dac·
704 4243 749 4295 lsis
765 4245 873 4312 integra
890 4242 989 4292 virtute
1005 4257 1055 4291 saa
1077 4237 1204 4290 habitum
1222 4242 1266 4286 est

93 4312 175 4378 trina]
194 4312 254 4362 l'id.
272 4313 399 4379 prolepg.
419 4329 445 4376 p.
465 4327 533 4362 sarr.
703 4312 811 4379 integra
835 4325 890 4376 pro⁴
908 4314 1006 4358 neutro
1031 4322 1135 4374 genere
1157 4301 1267 4356 numeri

127 4381 227 4431 centris
250 4378 365 4446 corpori]
400 4377 443 4429 (il.
470 4396 494 4428 e.
517 4383 544 4443 o,
571 4379 588 4442 5
613 4381 653 4429 ll.
705 4377 834 4496 pluralis.
870 4376 911 4427 us
934 4374 1014 4426 modo
1035 4374 1196 4425 etiamnunc
1214 4371 1265 4419 du·

99 4448 204 4513 Unguis
222 4483 246 4497 ..
271 4449 315 4513 qui
334 4448 408 4498 carni
432 4446 573 4507 adhaeret,
601 4446 655 4496 iam
725 4445 776 4496 ito:
805 4460 869 4495 narn
911 4443 963 4492 uod
984 4442 1090 4509 legitur
1107 4441 1134 4491 in
1155 4436 1213 4488 eod.
1233 4436 1264 4486 P.

88 4514 176 4582 facit,
205 4515 228 4564 si
251 4522 366 4577 secetur,
392 4514 509 4565 dolorem
530 4530 583 4564 non
608 4529 656 4565 saro
706 4519 810 4579 recepta
826 4461 930 4571 est,l‹l
948 4516 1058 4576 poterat
1077 4506 1154 4558 nasci
1173 4520 1206 4555 cx
1223 4518 1266 4552 re·

93 4583 139 4634 sed
165 4582 235 4633 sedis
258 4598 323 4632 suae
352 4596 497 4647 corpore.
531 4582 582 4632 Est
605 4595 656 4631 au·
707 4577 846 4646 septaes't
869 4576 928 4628 i.e.
949 4580 1153 4643 receptaesant.
1188 4569 1267 4650 Apu-d

94 4655 151 4702 tem
176 4665 269 4716 corpus
291 4648 365 4699 idem
389 4648 462 4713 quod
487 4664 549 4699 caro
570 4646 656 4700 etiarn
706 4646 782 4698 hunc
798 4645 911 4711 quidem
928 4643 1094 4708 scriptorem
1105 4655 1161 4692 non
1177 4653 1268 4688 omns·

94 4716 169 4781 apud
188 4716 353 4768 ciceronem
374 4715 408 4766 N.
424 4714 457 4766 l).
474 4714 513 4780 ll,
530 4719 574 4769 os.
586 4721 656 4768 extr.
708 4727 744 4766 no
779 4711 950 4765 reiielendus
986 4715 1030 4762 est
1063 4703 1267 4761 conlunctlrar.

101 4785 167 4837 Ossa
184 4784 301 4838 salicetis
315 4783 454 4851 corpori.
709 4779 753 4832 Gi.
769 4797 793 4832 e.
808 4783 835 4848 9,
852 4781 869 4846 S
891 4779 931 4831 14.
