2812 5242
332 457 694 526 ShTiffiNhhiOiiUM
724 457 802 527 Lus
827 460 870 529 ii.
899 461 990 531 GhP.
1017 466 1058 532 ΙΙ.
1209 466 1274 536 223

100 653 175 698 nus:
212 633 348 696 Faustus
369 630 468 715 Syllae
490 628 588 704 tilius,
623 648 693 692 cum
712 649 800 694 soror
821 630 887 696 eius
909 633 1016 698 eodem
1037 643 1175 722 tempore
1197 637 1275 703 duos

100 719 249 783 moechos
275 715 414 792 haberet,
453 713 592 778 Fulvium
625 712 746 778 lullonis
774 715 869 781 silium
896 725 927 782 et
951 720 1133 805 Pompeium
1162 744 1275 807 eogno-

100 805 184 869 mine
210 803 384 868 Maculam:
418 802 531 875 liiiror,
566 799 679 882 inquit,
712 822 844 866 sororem
873 825 968 868 meam
993 806 1098 871 babere
1119 810 1275 885 maculam,

99 914 169 956 cam
193 891 335 974 saiiamm
363 887 474 950 habeat.
535 884 593 947 iiio
620 885 809 969 Evangelus:
846 889 938 973 hpud
970 890 1003 954 L.
1032 892 1185 971 Mallium,
1221 894 1326 980 quilii

100 975 241 1060 optimus
262 975 361 1058 pictor
380 973 497 1035 Romae
519 968 702 1047 habebatur,
730 972 874 1037 Servilius
898 973 1046 1040 Geminus
1067 976 1144 1042 iorte
1166 1000 1275 1043 coena-

101 1062 175 1124 hot:
210 1079 338 1144 cumque
361 1057 440 1120 filios
461 1056 527 1120 eius
549 1054 700 1119 deformes
722 1057 863 1122 vidisset:
898 1061 966 1124 Nan
984 1062 1136 1140 dissides,
1166 1063 1275 1149 inquit,

103 1146 207 1220 Malli,
220 1145 313 1243 [lapis
336 1156 361 1208 et
380 1143 492 1230 pippis.
532 1141 574 1203 Et
591 1141 727 1205 Mallius:
749 1144 788 1206 In
808 1145 936 1209 tenebris
956 1148 1034 1210 emm
1048 1149 1140 1234 finpa,
1166 1148 1275 1233 inquit,

105 1233 171 1295 iace
184 1252 288 1326 pinpo.
340 1227 496 1293 Eusebius
522 1225 643 1290 deinde:
665 1227 905 1306 Demosthenes,
927 1228 1042 1314 inquit,
1067 1232 1215 1297 excitatus
1236 1235 1322 1300 adil

104 1315 207 1379 Laidis
225 1314 348 1389 lamam,
371 1313 459 1377 cuius
483 1310 609 1375 iormam
631 1319 705 1375 tunc
727 1311 854 1377 Graecia
877 1314 1057 1393 mirahatur,
1077 1318 1218 1395 accessit,
1240 1327 1276 1384 ut

102 1408 133 1464 et
160 1401 227 1485 ipse
255 1399 371 1464 lamoso
404 1417 508 1462 amore
545 1396 704 1479 potiretur.
752 1398 815 1477 Qui
847 1399 901 1464 uhi
933 1400 1092 1466 dimidium
1126 1404 1274 1468 talentum

99 1486 193 1550 unius
216 1485 348 1570 pretium
372 1483 472 1547 noctis
491 1481 622 1557 audivit,
644 1481 783 1548 discessit
805 1483 862 1548 hoc
882 1484 981 1550 diota:
1014 1482 1085 1551 Οὐκ
1106 1483 1323 1574 dyopalcapsssp

99 1567 260 1635 τοσούτου
284 1570 487 1652 μετανοῆσαι.
546 1569 631 1630 inter
656 1567 731 1632 haec
763 1590 831 1632 curn
861 1569 985 1635 Servius
1017 1572 1124 1638 ordine
1158 1595 1190 1638 se
1219 1595 1272 1639 vo·
1284 1575 1325 1640 12

101 1666 189 1721 cante
209 1677 265 1740 per
284 1653 496 1720 verecundiam
525 1651 639 1716 sileret:
673 1653 790 1718 Omnes
809 1675 882 1733 nos,
905 1655 1005 1740 inquit
1025 1657 1206 1744 Euangelus,
1227 1659 1273 1723 in-

101 1741 251 1826 pudentes
272 1739 467 1824 grammatica
492 1737 686 1824 pronuntias,
718 1738 743 1802 si
769 1747 870 1805 tacere
889 1741 960 1806 talia
983 1741 1027 1806 vis
1050 1744 1144 1809 videri
1167 1745 1272 1809 tuitio·

101 1849 169 1891 nem
193 1825 339 1912 pudoris:
367 1824 449 1890 undo
468 1844 568 1908 neque
588 1831 674 1887 tuum
697 1844 753 1887 nec
770 1824 884 1888 Disarii
905 1835 960 1891 aut
977 1829 1054 1893 Hori
1075 1830 1272 1914 supercilium

101 1911 228 1976 liberum
251 1911 310 1976 erit
329 1931 347 1974 a
369 1909 529 2008 superbiae
551 1916 633 1985 nota,
656 1907 687 1972 ni
708 1909 934 1975 Praetextatum
958 1921 989 1978 et
1004 1935 1061 1978 nos
1083 1915 1182 1979 velitis
1204 1915 1272 1979 imi·

102 1997 168 2060 tari.
221 1998 308 2061 Tunc
327 1998 467 2073 Seruus,
495 2002 657 2091 postquam
680 1994 773 2078 magis
792 1995 945 2061 silentium
968 1999 1205 2063 erubescendum
1226 1999 1269 2065 ri·
1284 1998 1323 2063 13

103 2081 162 2159 dit,
190 2082 228 2147 ad
247 2082 415 2147 libertatem
440 2101 472 2145 se
491 2080 598 2144 similis
616 2079 772 2145 relationis
791 2080 942 2146 animavit.
982 2082 1124 2161 Marcus,
1159 2083 1270 2170 inquit,

898 2266 967 2318 Edi.
986 2267 1201 2338 s'iauhgspdsh.]

111 2351 158 2400 i'l.
182 2350 275 2401 Fausti
287 2350 428 2402 dicterium.
445 2349 499 2401 rut.
517 2377 550 2388 -
574 2350 661 2400 silias
679 2348 730 2400 AS.
770 2350 873 2401 Sullas
891 2350 970 2402 aar.
994 2380 1026 2390 -
1044 2354 1174 2418 salinam
1189 2359 1272 2421 (post

107 2417 197 2468 ladd.
218 2432 307 2468 esec.
325 2433 361 2467 m.
377 2422 407 2477 e)
426 2417 455 2468 b.
491 2416 534 2481 „ii
558 2420 712 2469 Faiiinssm.
743 2418 820 2468 Alter
843 2419 1031 2469 Fuiluirsam.“
1057 2448 1092 2460 -
1116 2424 1272 2490 cognomine

104 2502 158 2534 aar.
179 2501 235 2535 s·2.
340 2488 378 2534 tu.
408 2486 470 2554 Cap.
493 2487 555 2536 l'il.
576 2486 685 2536 Seruilii
702 2486 781 2535 iocus.
799 2485 855 2536 rbi.
880 2512 915 2523 -
937 2488 1065 2539 coenabat
1083 2489 1126 2551 (in
1147 2506 1272 2555 ηαμα-

102 2554 206 2611 nabat)
224 2552 257 2601 ii.
278 2579 305 2589 -
322 2553 413 2620 pingis
430 2563 454 2605 ct
468 2555 556 2621 fingis
574 2554 609 2604 G.
632 2581 658 2590 -
683 2554 831 2618 iacetssrp.
850 2552 914 2605 adt.
935 2554 976 2613 in)
994 2555 1026 2604 ii.
1130 2559 1170 2606 11.
1205 2559 1270 2622 Cap.

108 2621 186 2671 i'ill.
205 2621 386 2671 Demosthenis
403 2631 518 2689 argutae
536 2623 616 2672 iocus.
637 2619 690 2670 rat.
715 2648 743 2657 -
768 2622 849 2688 greci
872 2621 1084 2672 admirabantur
1103 2623 1128 2673 G
1153 2623 1188 2682 (Ι
1207 2641 1271 2674 am-

102 2691 187 2748 min).
207 2715 238 2726 -
257 2689 377 2740 decessit
394 2706 453 2754 c-g.
468 2715 501 2725 -
518 2684 645 2756 τοσούτῳ
663 2687 692 2740 S.
733 2703 834 2739 carras
851 2688 883 2740 P.
907 2715 931 2725 -
961 2684 993 2738 τὸ
1011 2691 1170 2753 μετανοεῖν
1188 2690 1217 2741 S.

172 2759 212 2808 12
240 2772 292 2808 sec
311 2757 439 2808 disrarii
459 2756 490 2807 ei.
523 2772 610 2822 saepae
634 2753 803 2808 dinariis·
909 2759 946 2807 ta.
981 2757 1109 2809 Otacilius
1127 2757 1183 2811 s-is.
1215 2757 1272 2821 „iit

135 2935 161 2982 9.
199 2931 313 2982 Faustae
335 2931 427 2997 Syllae
436 2932 525 2999 filias]
542 2929 662 2992 „Lilrer-
712 2929 819 2980 blithii.
846 2929 952 2993 Λαΐδος
974 2929 1015 3019 big
1044 2930 1149 2999 inquit.
1171 2930 1220 2997 τῆς
1242 2929 1271 2996 ἐξ

103 3006 162 3049 tusu
187 2997 284 3049 Saitae
309 3015 362 3048 nau
388 2998 479 3050 srtiusn
506 3005 663 3066 agnoscunt
712 2991 848 3063 Ὑκκάρων
888 2997 1004 3061 addreb
1036 2994 1109 3083 αὕτη
1134 2999 1226 3050 Zeusis
1249 2996 1271 3061 ⁸,

102 3065 257 3117 Brasonius
280 3065 374 3117 Fecet.
398 3067 448 3117 ΙΙΙ).
475 3066 519 3117 ΙΙ’.
554 3068 589 3117 Et
605 3066 662 3132 isy—
711 3055 808 3131 ἀφ’ἦς
825 3035 1136 3136 αἱχμᾰλωτοςγετομετη
1152 3057 1217 3133 ἧκεν
1234 3082 1272 3127 ες

104 3133 252 3184 sosthenes
289 3133 379 3185 Titui.
419 3136 453 3186 de
492 3133 662 3185 adulterio.“
714 3128 869 3199 Κόρινθον,
900 3129 937 3193 οἷς
959 3131 1271 3201 inconstantinam..

104 3202 190 3252 l'orsr·
222 3230 254 3240 -
286 3201 321 3253 Aa
352 3202 416 3252 ride
449 3202 538 3253 Oceli.
570 3219 661 3253 anosu.
711 3189 745 3265 ἦς
777 3198 825 3251 καὶ
852 3194 1018 3266 Ἀρίστιππος
1045 3197 1101 3268 ἤρα
1132 3200 1179 3252 arai
1209 3205 1271 3267 Δη-

103 3269 280 3334 Tnii.il,p.
301 3270 386 3320 1961.
711 3263 880 3332 μοσθὲνης
907 3261 922 3317 d
949 3265 1058 3335 ῥήτωρ
1086 3265 1218 3335 Διογένης
1240 3284 1270 3319 rs

139 3338 305 3404 Pompeiam,
334 3337 490 3405 cognomine
516 3334 661 3453 lineatam]
712 3327 828 3385 dadas.
853 3337 892 3384 iis
911 3335 964 3386 hec
981 3336 1066 3388 bairis
1084 3336 1190 3387 minore
1213 3335 1269 3385 rid.

102 3405 131 3456 is
160 3412 391 3455 casnmemaratur
418 3421 435 3456 a
462 3405 597 3455 Cicerone
625 3420 642 3455 a
713 3410 857 3465 praeterea
873 3402 992 3453 i'aasen.
1011 3405 1084 3469 ii,2,
1096 3408 1120 3454 1.
1139 3411 1167 3455 et
1184 3404 1270 3454 lissi·

101 3473 167 3525 iuris.
187 3472 329 3535 ΙἸ,19,1.
711 3469 825 3536 iincyci.
846 3471 888 3531 ii',
911 3487 934 3535 p.
954 3476 1006 3521 785
1024 3489 1066 3537 sq.

138 3544 176 3590 10.
216 3540 246 3589 b.
267 3540 400 3607 Mallium]
420 3538 500 3588 Hunc
523 3539 659 3605 pictorem
745 3539 824 3588 anias
844 3540 959 3605 pretium
984 3538 1077 3606 nactis]
1106 3537 1188 3601 „blas
1216 3535 1271 3588 ists

100 3609 216 3660 aliunde
236 3623 289 3657 nau
309 3615 404 3657 notura
422 3606 565 3657 hominnm
590 3606 661 3656 isan·
711 3605 871 3670 paciscendi
893 3614 988 3657 noctes
1011 3624 1043 3658 ex
1067 3605 1183 3656 corrsisis
1204 3621 1270 3670 poa-

99 3678 182 3744 ginss
212 3675 337 3740 pinxisse
364 3691 396 3724 er
426 3675 479 3724 hoe
507 3674 569 3739 ipso
599 3675 660 3724 inco
713 3672 750 3724 tis
768 3672 890 3739 aliisque
910 3681 1000 3725 natus.
1035 3675 1115 3739 Apul.
1135 3673 1269 3739 [demug.

99 3742 221 3810 collegit
238 3743 272 3792 ΙΙ.
292 3743 444 3803 iiocirctte,
476 3740 561 3793 lettre
582 3740 599 3792 is
622 3741 659 3792 M.
711 3757 738 3820 p.
762 3742 836 3797 1153..
867 3741 913 3792 uhi
937 3743 993 3793 vid.
1014 3740 1198 3792 Hildehraud.
1220 3739 1269 3804 qrsi

99 3810 209 3864 Scisarn
229 3826 294 3876 pag.
310 3814 371 3860 318.
392 3811 435 3861 esi.
453 3809 489 3858 ii.
712 3815 785 3857 inter
807 3808 865 3858 aiis
888 3809 986 3861 citarit
1009 3811 1074 3861 Met.
1102 3810 1139 3870 x,
1162 3825 1187 3872 p.
1209 3810 1268 3857 tii.

136 3879 265 3929 Servilius
285 3878 420 3944 Geminas]
443 3878 503 3926 Duo
527 3875 588 3926 eins
610 3891 660 3925 aa·
716 3875 833 3941 Depacta
850 3886 887 3928 cst
910 3879 1014 3930 nactis
1036 3879 1134 3929 anias
1149 3875 1269 3926 concubi-

97 3946 186 3998 minis
205 3945 333 3996 homines
356 3953 609 3995 consmesnorentur
631 3943 658 3993 ia
710 3943 790 4008 tami:
823 3946 886 3995 Cam
913 3947 970 4011 ipsa
996 3946 1028 3996 de
1053 3945 1144 3997 uraris
1168 3942 1269 3993 nacti-

98 4014 203 4066 0rsilii
233 4013 330 4064 Onaso.
361 4012 440 4063 Tuli.
469 4012 510 4075 ii,
543 4029 568 4077 p.
599 4013 658 4061 bil.
710 4010 768 4061 hus
786 4014 965 4077 paciscuntur.
1002 4013 1106 4063 lterrun
1127 4011 1204 4078 [bist.
1224 4010 1268 4070 li',

97 4082 153 4133 set
177 4088 271 4132 utrum
294 4082 367 4133 aiter
388 4097 420 4130 ex
445 4080 506 4131 iliis
526 4096 559 4129 en
584 4080 659 4129 eiius
710 4095 737 4143 p.
754 4079 839 4144 29³.]:
858 4083 931 4132 l'otis
948 4082 1112 4147 nuptialibus
1131 4087 1209 4144 pacta
1227 4079 1269 4127 ia-

98 4150 161 4217 quis
177 4149 225 4199 iric
243 4148 289 4209 sit,
306 4149 368 4215 quis
385 4144 590 4199 uiiirnsarcrit‘l
732 4146 770 4195 aii
792 4147 893 4212 pridem
919 4148 1075 4198 destinatas.
1114 4147 1168 4196 Sed
1195 4145 1267 4211 upari

132 4219 160 4268 iss
183 4218 295 4268 tenebris
315 4253 339 4266 ..
359 4214 426 4281 lucc]
452 4216 490 4265 iis
513 4212 658 4279 praeposi·
709 4163 870 4264 §strunium
895 4214 929 4280 [c.
946 4213 999 4279 et]
1015 4215 1080 4279 quid
1103 4222 1146 4264 est
1169 4215 1269 4263 unias

98 4285 175 4336 tinne
197 4286 288 4335 altero
314 4285 374 4334 ioco
399 4301 452 4334 non
472 4282 564 4349 posita
585 4281 657 4331 coni.
707 4281 812 4330 noctis
836 4289 924 4332 tacta
949 4284 1037 4332 amnia
1060 4280 1202 4332 acndiriiti
1234 4280 1269 4330 dt

98 4353 233 4403 Garatom
261 4353 294 4402 ad
324 4351 413 4402 Cicer.
442 4352 469 4402 in
500 4350 591 4400 i'stin·
618 4353 657 4411 11,
707 4348 787 4398 naias
808 4349 892 4398 nactis
912 4358 1010 4414 pacto
1033 4367 1085 4400 aon
1106 4350 1268 4400 coniectura

96 4422 147 4477 ³⁴3
167 4437 193 4486 p.
215 4426 270 4469 ttifl.
290 4419 383 4469 linim.
710 4415 758 4465 sed
780 4431 823 4464 res
843 4418 914 4464 e·st.“
932 4416 1020 4467 Pana.

134 4492 175 4536 11.
201 4484 657 4554 Demosthensscct.].,licmpanio
744 4485 784 4532 12.
820 4483 857 4548 se]
876 4482 1028 4534 Dicendum
1048 4487 1109 4534 erat
1127 4499 1193 4531 essm.

97 4555 185 4607 aliter
209 4564 303 4605 narrat
324 4556 436 4605 Gellius
460 4554 486 4613 i,
505 4558 545 4611 8.,
574 4568 655 4618 quesn
745 4555 783 4599 13.
823 4551 937 4611 Marcus,
955 4552 1050 4616 inquit,
1070 4548 1202 4601 Otacilius
1222 4547 1268 4595 Pi·

98 4624 194 4672 ride.“
217 4623 303 4674 Zeus.
329 4651 357 4660 -
384 4620 583 4672 Dersmsthenis
608 4636 657 4669 no·
707 4617 823 4685 thoiarss]
842 4619 961 4675 „Exstat
979 4617 1081 4667 iterum
1107 4617 1167 4664 ciris
1185 4628 1268 4661 sirca-

98 4692 172 4741 rnine
200 4708 253 4741 narn
284 4690 379 4740 additu
406 4690 501 4738 cariem
528 4690 587 4737 iere
616 4688 656 4736 ie.-
707 4686 804 4735 huiunr
831 4687 902 4751 aprsrd
928 4685 1091 4735 Suetonium
1120 4682 1154 4729 sio
1181 4680 1267 4730 claris

97 4768 203 4824 gantur
239 4759 267 4808 in
296 4757 499 4822 epigrammate
532 4752 656 4805 Martiali
706 4753 868 4804 rhetoribus
888 4752 934 4820 [3].
955 4754 989 4804 bt
1009 4752 1048 4804 ihi
1069 4750 1267 4816 Laciasprae·

97 4826 194 4879 silicio
209 4830 253 4877 21.
284 4824 443 4875 Athenaeus
463 4821 657 4887 xttl,ss,p.
707 4836 806 4874 nausa
825 4828 878 4887 ost,
897 4838 951 4874 aaa
972 4817 1178 4876 Marcussitesu
1201 4818 1266 4870 Pili·

361 4972 368 4985 ,
413 4882 496 4963 sd
