2812 5242
622 333 813 383 saumario.
1282 333 1330 401 px

177 475 216 539 ln
243 475 412 543 voluminis
435 476 461 540 I.
487 476 677 562 praefatione
705 501 735 566 p.
757 502 826 549 rur.
852 489 1089 557 commemorari
1112 493 1327 568 adnotationes

105 576 130 641 ir
156 575 299 660 margine
325 576 472 643 editionis
497 578 700 646 Londinensis
731 584 859 669 exempli
887 588 971 672 quod
1000 598 1048 655 est
1075 591 1107 657 in
1139 594 1326 667 bibliotheca

102 675 215 762 publiea
243 677 433 762 Dorpatcnsi
467 678 649 764 adscriptas,
682 701 760 766 quas
786 683 826 749 ad
853 705 902 751 mo
929 688 1011 755 misit
1032 691 1077 757 Μ.
1102 694 1138 757 L.
1159 695 1322 765 Mesem-

99 799 160 843 sas.
208 777 381 843 Maximam
421 778 468 844 vir
500 777 694 846 doctissimus
731 781 880 868 impendit
913 809 1037 873 operam
1072 792 1322 864 adnotationibus

98 879 149 945 iiis
176 878 405 958 describendis,
438 878 549 945 additis
577 880 712 946 numeris
741 883 919 968 paginarum
951 895 983 952 et
1008 909 1149 957 vanuum
1177 894 1320 962 editionis

97 980 271 1047 Zeunianae
296 1000 389 1065 quam
412 1001 462 1044 me
487 979 599 1045 babere
619 990 819 1065 cognoverat:
851 1005 908 1070 ego
936 1006 1007 1051 vero
1033 1010 1184 1075 nusquam
1214 1016 1318 1062 aarum

50 1064 60 1211 p
96 1079 148 1145 ieci
168 1080 370 1145 mentionem.
411 1079 507 1159 Quod
529 1101 585 1145 cur
605 1081 717 1146 iactum
741 1083 797 1160 sit,
823 1104 1029 1170 nonpossum
1054 1088 1185 1156 hicnon
1209 1094 1319 1177 dicere,

93 1180 166 1265 quin
197 1188 256 1245 ant
285 1180 440 1265 negligens
472 1201 539 1246 esse
570 1180 674 1246 videm
704 1190 759 1249 aut
789 1183 934 1268 ingratus.
977 1186 1108 1253 Litteras
1133 1189 1206 1256 mihi
1233 1192 1318 1263 datas

93 1300 171 1345 anno
199 1279 435 1346 maccam.
463 1280 496 1344 in
526 1280 609 1347 aliud
636 1288 756 1368 tempus
788 1305 945 1350 reservans
972 1287 1111 1366 condidi,
1138 1291 1184 1356 vel
1206 1293 1319 1377 potius,

94 1390 130 1446 ut
147 1380 198 1458 iit,
226 1379 345 1458 abdidi,
369 1381 412 1445 ita
437 1387 473 1447 ut
495 1402 578 1448 meas
604 1383 816 1450 adnotationes
844 1386 1071 1473 conscripturus
1092 1389 1157 1474 ipse
1181 1411 1244 1456 uon
1269 1413 1318 1460 re·

95 1480 242 1567 mrim,
270 1501 327 1546 nec
357 1481 415 1546 nisi
446 1483 621 1567 nuperrimo
651 1484 683 1549 in
712 1504 764 1549 eas
798 1484 964 1551 inciderim.
1003 1492 1102 1553 Antea
1127 1490 1153 1554 si
1182 1511 1234 1556 eas
1261 1491 1316 1558 ba-

95 1582 245 1660 buissam,
280 1581 363 1647 baud
393 1582 502 1667 exigua
529 1603 622 1670 opera
648 1604 745 1648 essem
773 1584 918 1649 liberatus
945 1586 977 1650 in
1007 1590 1187 1672 quaerendis
1214 1591 1315 1681 Virgi-

97 1681 182 1747 lianis
209 1681 302 1759 locis,
336 1703 416 1769 quos
438 1685 469 1749 in
494 1683 736 1750 Saturnaliorum
764 1684 834 1749 libri
859 1685 912 1750 1v.
940 1686 1042 1772 aliqua
1068 1696 1154 1774 parte
1178 1711 1241 1755 non
1267 1692 1313 1759 in·

98 1782 208 1849 diearn
237 1783 390 1861 Zeunius,
421 1792 453 1849 et
480 1784 512 1848 in
543 1784 733 1851 emendando
764 1785 864 1851 libello
891 1786 929 1852 de
955 1787 1131 1855 differentiis
1156 1798 1187 1855 et
1218 1792 1314 1859 socie-

95 1884 205 1951 htibus
227 1881 336 1949 Graeci
356 1884 519 1971 Latinique
537 1885 640 1963 serbi,
660 1874 703 1951 'in
725 1906 788 1970 quo
806 1885 970 1952 destitutus
996 1908 1077 1952 cram
1100 1910 1195 1973 paene
1215 1892 1313 1956 omni·

98 1984 152 2049 bus
177 1983 332 2049 subsidiis.
369 1984 566 2072 conscriptae
584 1994 658 2051 sunt
678 1986 746 2051 iliae
766 1986 995 2064 adnotationes,
1030 1988 1055 2051 si
1077 1986 1152 2052 fides
1175 1988 1314 2056 habenda

97 2093 141 2151 est
160 2086 185 2149 1.
207 2091 247 2150 Α.
266 2085 451 2163 Noesseitio,
482 2107 574 2173 panos
597 2107 688 2172 quem
710 2086 782 2152 oiim
804 2094 869 2152 erat
886 2085 960 2151 illud
980 2087 1122 2152 editionis
1138 2088 1312 2154 Londinen-

96 2185 134 2251 sis
150 2186 336 2273 exemplum,
365 2187 403 2252 ab
424 2188 562 2253 Ioanne
583 2187 748 2253 Alberto
768 2186 969 2265 Fabricio,
1001 2187 1085 2272 quod
1107 2187 1246 2273 quidem,
1277 2197 1314 2257 ut

97 2286 137 2351 ait
156 2286 220 2365 iile,
251 2295 283 2352 et
310 2307 419 2351 manus
447 2287 511 2352 sive
538 2287 689 2372 scriptura
718 2287 820 2372 prodit
844 2295 875 2353 ct
901 2286 992 2351 index
1022 2288 1205 2372 scriptomm
1233 2309 1313 2373 quos

98 2388 238 2453 eitarmm
265 2387 455 2464 Macrobius,
486 2408 672 2473 quamquam
698 2387 748 2452 bic
773 2387 863 2471 longo
890 2387 1072 2470 locupletior
1093 2397 1197 2452 osteo
1219 2408 1312 2471 quem

97 2487 225 2573 reperies
245 2487 276 2552 in
295 2486 427 2553 Fabricii
448 2487 525 2552 bibl.
546 2488 613 2553 Lat.
635 2489 671 2553 T.
691 2488 749 2551 111.
771 2508 801 2571 p.
824 2487 884 2551 137
906 2507 951 2573 sq.
973 2489 1000 2570 7)
1045 2486 1192 2564 Quaado
1213 2487 1313 2552 indice

96 2588 169 2653 dixit
201 2587 401 2674 scriptorum,
439 2607 474 2651 ea
508 2586 606 2653 iateor
635 2608 685 2652 ma
714 2585 832 2652 nescire
861 2585 936 2671 quid
961 2585 1069 2649 velint:
1103 2584 1246 2668 refragari
1276 2607 1312 2652 ea

96 2688 195 2775 potius
229 2708 320 2775 quam
352 2688 510 2772 suffragari
536 2688 577 2753 illi
610 2686 747 2773 opinioni
772 2685 846 2751 vidit
875 2684 1076 2764 Marcilinus,
1108 2685 1312 2772 quiquidem

96 2789 223 2855 subiecit
247 2789 306 2873 legi
336 2789 366 2852 in
399 2789 497 2853 fronte
527 2788 596 2854 libri
628 2789 666 2854 ab
693 2786 800 2853 eadem
828 2806 921 2852 manu
951 2785 1063 2871 scripta
1092 2787 1238 2852 nonnulla
1272 2787 1312 2853 de

96 2888 268 2975 bagmenlis
287 2888 436 2954 Macrobii
456 2909 535 2974 quae
556 2889 682 2954 omnino
701 2895 903 2972 congruerent
922 2907 992 2951 cum
1015 2886 1052 2950 iis
1074 2907 1154 2972 quaa
1176 2887 1310 2970 legeren-

95 2998 144 3056 tur
168 2991 201 3054 in
224 2989 356 3054 Fabricii
377 2987 453 3052 bibi.
473 2990 540 3054 Lat
567 2989 632 3064 111,
653 3008 683 3072 p.
708 2986 778 3052 1811.
821 2987 907 3052 Idem
931 2984 1015 3051 aliud
1036 2986 1235 3072 deprehendit
1259 3007 1310 3053 vo·

95 3090 215 3175 stigium
246 3110 310 3175 quo
342 3088 537 3172 indagaretur
567 3087 688 3151 illamm
719 3087 948 3152 adnotationum
979 3093 1095 3151 auctor.
1138 3087 1312 3172 Adscripsit

95 3190 173 3257 enim
196 3189 246 3253 bic
267 3189 305 3255 ad
326 3189 389 3255 Sal.
413 3190 450 3266 V,
469 3188 517 3265 13,
539 3188 598 3253 25:
628 3187 724 3264 „Vide
744 3208 824 3273 quaa
843 3188 904 3251 dixi
925 3187 963 3251 ad
983 3186 1079 3270 Long.
1102 3207 1131 3270 p.
1153 3186 1236 3258 39.“;
1256 3186 1310 3251 sed

96 3291 131 3357 de
152 3292 259 3375 Longo
285 3296 340 3354 aut
362 3288 400 3353 de
419 3289 558 3374 Longino
581 3288 748 3373 quidquam
771 3288 927 3373 scripsisse
947 3286 1120 3351 Fabricium
1154 3307 1215 3349 non
1245 3305 1309 3349 ma·

95 3392 138 3476 gis
168 3411 260 3477 quam
293 3410 351 3472 ego
389 3388 496 3454 babuit
525 3396 715 3473 compertum
749 3388 945 3454 Marcilinus.
1005 3385 1172 3454 Continent
1207 3393 1309 3449 autem

119 3536 255 3544 --——-
264 3538 274 3542 ..
290 3537 300 3541 -
310 3535 449 3542 —--.—--.-
459 3535 474 3542 .-

96 3645 120 3683 ι
137 3628 221 3680 Paad.
234 3626 336 3694 Sappl.
355 3627 448 3690 xiii,
466 3644 492 3692 p.
508 3631 572 3689 ale)
589 3629 660 3680 bene
678 3629 839 3682 observavit
858 3632 891 3682 R.
906 3628 1084 3692 lllotsius,
1110 3625 1262 3695 Virgilium
1279 3623 1309 3677 ia

96 3711 296 3779 Georgicorum
316 3709 430 3760 exordio
449 3710 567 3764 dixisses

247 3794 396 3859 Poenisque
414 3795 525 3845 incentis
545 3795 671 3845 Aciseloirs
688 3795 792 3847 ssiscrss'i
811 3796 870 3847 ssois

97 3896 145 3931 sess
165 3883 324 3945 propterea,
342 3880 372 3925 ut
389 3876 449 3927 vuit
466 3876 636 3938 Macrobius,
652 3877 724 3942 qnod
745 3876 846 3926 Graeci
858 3875 1001 3927 Dodonaci
1018 3871 1126 3924 oraculi
1143 3867 1311 3922 anctoritate

64 3954 68 3959 ¹
95 3961 161 4014 nati
179 3975 264 4026 saepe
282 3957 434 4009 Acheloum
455 3975 502 4024 pro
518 3959 617 4025 qnaris
635 3974 705 4024 aqna
724 3956 893 4024 posuissent,
907 3959 955 4009 sed
975 3960 1123 4022 propterea
1138 3951 1211 4016 quari
1224 3967 1310 4018 propa

95 4044 168 4096 baso
188 4041 306 4093 flavian
322 4039 450 4092 inventae
469 4048 562 4094 essent
581 4058 660 4093 uvae.

164 4131 191 4186 r)
211 4123 350 4176 Editioais
369 4123 414 4184 l¹.,
442 4131 472 4175 nt
496 4123 621 4184 videtur,
652 4138 715 4175 nasu
740 4123 767 4174 in
787 4123 854 4173 adit.
872 4121 917 4173 ll'.
937 4117 1049 4170 omnino
1068 4135 1120 4169 non
1139 4117 1245 4185 legitur
1261 4115 1310 4168 iric

95 4209 176 4261 iacies
197 4216 225 4259 et
244 4208 272 4259 in
296 4206 419 4257 editione
442 4208 478 4257 ab
500 4205 630 4257 Ernestio
650 4206 761 4273 digesta
779 4211 808 4256 et
826 4211 908 4257 aucta
930 4202 1035 4270 iegitur
1054 4202 1108 4253 voi.
1130 4202 1186 4261 111,
1211 4218 1237 4266 p.
1263 4202 1310 4250 las

94 4309 150 4358 sqq.
187 4290 228 4341 ci.
248 4289 339 4356 pruci-
360 4287 468 4340 Fabric.
492 4290 547 4342 rol.
566 4289 593 4350 l,
611 4306 638 4354 p.
654 4305 734 4340 sassi.
771 4288 899 4340 Ceterum
924 4288 1073 4338 notandum
1090 4291 1134 4335 cst
1148 4281 1309 4334 Fabricium

94 4391 171 4426 saum
191 4371 313 4423 indicens
337 4370 505 4435 scriptoram
527 4388 581 4422 non
603 4371 757 4439 sumpsisse
781 4386 814 4423 ex
837 4371 960 4423 editione
977 4366 1162 4428 bondinensi,
1189 4380 1244 4430 qua
1261 4361 1310 4428 qai

94 4457 142 4511 bas
160 4454 358 4511 adnotationes
380 4451 496 4516 scripsit
518 4470 586 4504 usus
609 4458 666 4515 est,
689 4455 739 4507 seri
761 4453 787 4506 ei
805 4453 985 4521 praemisisse
1002 4452 1102 4504 rerbas
1132 4449 1175 4500 Es
1198 4447 1311 4499 esis‘ts'oae

97 4541 130 4593 ls.
151 4539 241 4591 isaaci
264 4535 383 4588 Pontiani
402 4534 489 4602 bugd.
507 4535 562 4587 aas
590 4539 662 4587 1828.
