2812 5242
275 436 636 503 sxtuuxattouunt
662 437 738 501 LlB.
763 437 799 502 V.
823 439 914 505 CAP.
936 442 1026 507 Xlll.
1167 452 1229 516 433

54 609 114 675 His
137 605 369 694 praetermissis,
389 625 468 690 quae
485 605 615 668 animam
639 605 799 690 parabolae
816 606 938 687 dabant,
959 611 1040 675 velut
1057 615 1229 682 exanimum

54 694 88 760 in
109 693 227 760 Latinis
252 691 390 756 versibus
412 712 524 775 eorpus
546 691 699 754 remansit.

209 796 310 858 Perea
327 805 405 856 nictu
422 794 534 878 prrino,
553 815 624 855 anoar
644 816 704 856 sese
726 794 829 857 attollit
852 795 885 858 in
904 817 1007 870 uterus,
1237 805 1276 870 31

208 878 439 963 Ingrediturpue
458 878 519 941 solo
542 889 567 942 et
588 889 679 963 caput
698 880 776 941 iuter
794 879 897 942 nubilo
916 883 1024 945 condit.

200 976 273 1043 ‘'Hr’
290 974 363 1060 dlty
399 976 460 1060 piu
478 979 589 1060 πρῶτα
607 974 815 1061 κορύσσεται,
835 975 938 1063 αὐτὰρ
958 978 1064 1047 ἔπειτα

209 1062 342 1150 οὐρανῷ
365 1003 508 1145 loedoria
531 1059 615 1145 κάρη
631 1063 687 1126 καὶ
706 1062 754 1126 ἐπὶ
779 1063 877 1145 χθονὶ
898 1066 1013 1146 βαίνει.

55 1149 334 1233 llomerus'Eoru,
357 1149 415 1212 lroc
436 1160 482 1212 est
502 1148 744 1224 contentionem,
772 1170 789 1212 a
813 1171 906 1233 parxo
928 1150 1004 1215 dixit
1024 1152 1170 1236 incipere,
1198 1164 1228 1217 et

55 1247 162 1322 postca
188 1237 217 1299 in
242 1237 462 1298 incrementum
484 1233 522 1296 nd
545 1233 661 1297 caelum
684 1253 782 1318 nsque
806 1235 1008 1300 subcrescere.
1053 1238 1120 1300 lloe
1145 1239 1225 1303 idem

54 1323 144 1386 Maro
170 1321 207 1384 de
236 1323 329 1384 Fama
357 1319 447 1394 dixit,
483 1317 534 1382 scd
560 1318 735 1401 incongrue.
780 1319 886 1403 Neque
917 1321 996 1383 enirn
1026 1342 1123 1405 aequa
1156 1330 1278 1395 sunt32

54 1414 216 1488 augmenta
243 1404 447 1469 contentionis
474 1412 505 1467 et
534 1403 646 1479 lamae,
681 1403 753 1487 quia
778 1404 946 1479 contentio,
977 1406 1032 1469 etsi
1061 1427 1160 1490 usque
1189 1409 1225 1472 ud

55 1502 178 1555 mutuas
200 1491 382 1555 vastationes
409 1510 443 1552 ae
469 1488 545 1551 bellu
567 1488 761 1572 precesserit,
797 1488 896 1551 adhue
919 1490 1074 1555 contentio
1101 1501 1160 1567 est,
1196 1502 1228 1557 ut

11 1626 23 1641 .
56 1586 159 1639 manet
179 1577 241 1660 ipsa
264 1596 342 1659 quae
363 1574 465 1648 crexit,
484 1572 561 1636 lama
583 1593 656 1637 xero
679 1593 748 1635 euni
771 1572 800 1635 in
824 1572 994 1639 inmensum
1016 1576 1126 1673 prodit,
1147 1577 1226 1642 lama

56 1681 124 1724 esse
149 1661 206 1723 iam
236 1660 361 1735 desinit,
397 1667 427 1722 ct
454 1659 489 1722 tit
515 1657 599 1721 notio
623 1658 664 1720 rei
689 1657 747 1721 iam
771 1658 919 1740 cognitae.
964 1660 1043 1738 Quis
1065 1661 1144 1724 enim
1167 1662 1226 1726 iam

55 1745 167 1809 lamam
190 1754 284 1821 vocet,
305 1765 374 1808 curn
394 1765 441 1807 res
465 1743 566 1826 aliqua
589 1763 606 1805 a
630 1750 708 1805 turra
733 1742 762 1804 in
784 1743 899 1806 caelum
920 1752 992 1808 neta
1013 1745 1073 1808 sit?
1107 1746 1228 1811 Deinde

56 1853 113 1894 nee
138 1831 231 1913 ipsam
255 1829 439 1914 hyperbolen
465 1826 564 1912 potuit
587 1847 727 1911 aequare.
772 1827 826 1890 llle
849 1827 965 1892 caelum
989 1828 1077 1906 dixit,
1102 1829 1150 1894 hio
1173 1853 1227 1895 au-

55 1936 104 1979 ras
134 1925 164 1979 et
190 1916 302 1979 nubila.
346 1916 429 1977 llaec
454 1922 555 1976 autem
581 1912 657 1976 ratio
684 1910 741 1975 luit
763 1933 824 1975 non
848 1913 997 1998 aequandi
1025 1916 1126 1978 omnia
1148 1919 1277 2000 qua033

55 2001 94 2064 ab
121 2008 245 2064 auctore
270 1999 475 2082 transcripsit,
512 1996 593 2082 quod
620 1996 649 2059 in
679 1996 761 2060 omni
791 1998 893 2079 operis
922 1998 968 2061 sui
993 2008 1077 2083 parte
1098 2000 1227 2065 alieuius

55 2085 210 2150 llomcrici
239 2085 295 2148 loci
324 2084 523 2148 imitationem
550 2082 671 2147 volebat
698 2081 844 2157 inserere,
877 2103 932 2145 nec
957 2090 1057 2146 tamen
1087 2083 1228 2149 humanis

55 2170 171 2234 virilius
194 2169 273 2233 illam
297 2168 485 2232 divinitatem
509 2166 625 2251 ubique
638 2173 769 2314 poterat
793 2185 939 2248 aequare,
973 2167 1059 2230 utin
1083 2167 1134 2233 illo
1158 2170 1227 2234 locu

56 2276 146 2339 quern
174 2255 242 2317 risle
270 2254 406 2317 omniurn
436 2261 574 2316 nostrum
605 2252 635 2314 iu
661 2251 718 2314 icio
748 2250 776 2312 in
807 2271 968 2314 commune
997 2252 1124 2335 pensari.
1168 2254 1278 2321 Mi-dd

55 2360 149 2403 uersu
167 2339 306 2401 Diomedi
327 2359 383 2402 suo
406 2337 551 2422 pugnanti
569 2336 726 2400 dumtaxat
748 2336 935 2398 llammarurn
956 2335 1041 2400 addit
1058 2336 1277 2423 ardoremgtto}

58 2432 91 2487 et
118 2424 196 2486 inter
219 2422 351 2486 hostium
384 2423 492 2486 caedes
523 2420 623 2506 lulgor
654 2419 761 2504 cupitis
790 2420 834 2483 rel
864 2440 1018 2484 armorum
1049 2443 1104 2506 pro
1131 2424 1227 2487 milite

57 2508 204 2572 minatur:

208 2588 291 2655 Δαῐὲ
316 2592 349 2655 oi
369 2591 404 2656 ἐκ
427 2587 573 2672 κόρυθός
592 2612 624 2653 τε
645 2588 701 2653 καὶ
725 2584 861 2662 ἀσπίδος
883 2583 1050 2669 ἀκάματον
1073 2589 1148 2670 πῦρ.

55 2678 124 2742 lloa
152 2677 276 2742 miratus
301 2699 391 2761 supra
423 2676 546 2740 modum
575 2674 717 2758 Virgilius
747 2673 899 2736 inmodico
931 2682 977 2736 est
1003 2694 1086 2737 usus.
1130 2673 1277 2739 Mod035

56 2763 137 2826 onim
161 2762 200 2825 ita
221 2763 259 2826 du
279 2764 384 2827 Turno
404 2761 490 2826 dicit:

858 2883 927 2934 Edd.
947 2883 1159 2950 ciuulrgapdzlr.]

55 2972 88 3023 A.
110 2998 140 3007 -
159 2971 303 3023 solticino
323 2971 395 3031 „ll“.
415 2998 438 3008 -
461 2970 667 3037 significabitur
686 2974 761 3034 (nup.
779 2967 879 3026 batur)
899 2968 928 3017 A.
949 2996 981 3005 -
1001 2969 1126 3019 exanime
1145 2983 1204 3034 x··g.

126 3043 167 3087 31.
197 3037 294 3103 Pnruu]
313 3041 379 3089 Aen.
400 3038 443 3101 ll⁷‚
465 3043 519 3088 tto.
540 3065 570 3074 -
592 3056 616 3085 v.
633 3040 658 3085 2.
678 3038 733 3086 uela
753 3040 796 3098 tut
817 3034 893 3098 l'irg.
911 3035 929 3085 l.
948 3052 971 3085 c.
990 3043 1018 3085 et
1036 3035 1161 3084 ttncrou.
1180 3051 1228 3085 arr-

55 3123 107 3173 pru
123 3124 147 3155 c.
167 3110 192 3165 3,
211 3109 227 3168 ἓ
248 3111 301 3164 lt.)
322 3106 437 3156 nt’st’u.
474 3108 566 3155 xolrrm
584 3104 651 3152 Edd.
671 3131 703 3141 —
720 3109 800 3168 eaput
818 3119 872 3152 our.
892 3102 919 3151 lr.
937 3094 1051 3166 —''Hr’]
1070 3102 1101 3152 ll.
1118 3097 1151 3166 δ’,
1167 3104 1228 3153 tte.

55 3200 87 3212 -
112 3189 222 3223 narres·
242 3174 272 3222 l’.
298 3203 332 3214 -
359 3191 382 3223 v.
400 3178 425 3222 2.
450 3187 605 3222 antronxu
625 3170 654 3221 P.
679 3196 711 3206 -
739 3171 771 3219 ixl
790 3178 827 3220 eat
847 3169 876 3217 Ρ.
893 3196 925 3206 -
947 3171 1177 3234 contemptionem
1198 3169 1228 3219 A.

54 3268 87 3280 -
107 3242 290 3291 incrementum
310 3246 378 3303 (orn.
399 3242 441 3300 in)
460 3239 523 3289 le.
548 3267 581 3275 -
605 3237 705 3288 caelum
723 3252 805 3301 utque
823 3241 892 3295 (orn.
911 3236 961 3299 ud)
979 3235 1041 3284 Al’ti
1060 3240 1096 3289 „2
1114 3235 1228 3301 Angl.‘·.

158 3311 199 3356 ³2
231 3316 291 3357 sunt
311 3317 490 3376 argumenta
509 3306 591 3372 Sv-g.
614 3332 644 3342 -
663 3321 677 3353 e
697 3312 767 3354 terrn
786 3303 857 3365 ,,Β··.
885 3329 915 3339 ··
946 3303 1091 3367 yperbolen
1111 3302 1140 3352 A.
1177 3304 1227 3368 ty-

53 3376 191 3441 perbolem
214 3374 314 3424 Srurlr.
340 3402 367 3411 -
397 3382 500 3440 poterut
520 3391 571 3422 trux.
592 3371 661 3422 Sl‘fl.
765 3374 808 3419 ua.
835 3369 956 3419 addidit
977 3385 1036 3430 x-g.
1060 3396 1091 3406 -
1118 3377 1142 3418 et
1160 3370 1228 3419 inter

55 3443 168 3492 hostium
188 3442 306 3489 ardorem
325 3440 451 3490 caerlexS
489 3467 521 3478 -
549 3433 807 3504 Δαῖέο1]11.έ,4.
838 3435 911 3485 lluie
930 3435 1023 3485 veratri
1042 3437 1182 3486 adduntur
1200 3436 1227 3486 iu

58 3525 111 3572 x-fs
127 3523 225 3558 uersus
244 3510 308 3554 5-7.
324 3501 440 3569 'rtorip’
465 3501 618 3576 ὀπωρίνῳ
703 3499 769 3554 ἀπὸ
788 3498 908 3567 κρατός
928 3518 960 3552 τε
980 3500 1035 3553 καὶ
1056 3496 1159 3566 ὤμων.

91 3579 133 3624 ³5.
163 3573 534 3637 determinaturus.
570 3576 602 3624 de
623 3576 711 3626 Turno
731 3573 778 3621 uit
797 3587 856 3636 x-g.
882 3598 910 3606 -
941 3570 1074 3635 Tremrint]
1094 3571 1159 3620 Aeu.
1180 3570 1227 3630 tx,

56 3708 145 3761 terius
175 3707 264 3770 pnrtis
294 3705 450 3756 victorium.
497 3706 537 3758 Cl.
566 3709 615 3758 Ul·
701 3706 742 3752 33,
777 3720 828 3750 nen
854 3702 998 3769 uepriunrlr]
1017 3702 1069 3752 i.e
1103 3719 1152 3750 cur
1174 3719 1226 3751 nnn

55 3777 121 3843 pitin
151 3776 211 3841 llig.
233 3774 341 3839 xbt'tt,
364 3777 401 3829 15,
426 3778 444 3823 Ι.
469 3774 614 3824 l'rueun-
666 3776 809 3834 nequurct.
844 3769 881 3818 Ut
905 3771 930 3818 lr.
955 3771 972 3820 Ι.
996 3786 1057 3819 erun
1081 3769 1227 3831 geruntio,

55 3846 181 3894 cientur
200 3850 237 3893 cst
256 3844 333 3908 perusi
356 3844 489 3891 varicator
508 3843 554 3908 prii
571 3844 613 3891 di-
667 3838 749 3889 ctiam
778 3852 839 3885 curu
869 3837 1019 3887 adiectiris
1049 3835 1228 3899 negationem

54 3928 155 3961 uersum
168 3911 616 3976 purtemuxliucntpreditucuuan
666 3905 937 4021 cnpirrnpxireqxplpt
963 3903 1130 3954 llxxerolriua.
1167 3901 1229 3950 l'id.

55 3995 112 4028 aun.
668 3987 769 4021 nn.nr
809 4001 860 4033 ,.,
898 4004 922 4019 ..

89 4046 159 4094 uelrrt
179 4044 326 4092 exanimum
405 4042 507 4109 corpur]
524 4041 614 4099 „Cne-
701 4042 733 4087 nb
752 4037 868 4101 auctore]
887 4035 975 4086 oranti
995 4031 1140 4083 indi-linita
1158 4033 1228 4082 lance

56 4118 145 4162 lerum
170 4118 253 4175 negat
276 4111 380 4176 Pupius
403 4110 474 4159 liner.
497 4109 616 4173 lirgilio
668 4114 747 4157 urant.
775 4112 805 4153 ut
829 4121 852 4153 c.
878 4108 915 4153 lt.
935 4105 951 4163 S
972 4105 996 4148 5.
1019 4102 1088 4165 pared
1110 4102 1149 4151 ita
1174 4101 1228 4150 ele-

56 4177 444 4242 ananritioxcrtendu‚quin
466 4176 614 4226 consiliunt
667 4175 778 4239 guntiue
810 4179 947 4221 auctore
983 4168 1122 4233 congessit.
1173 4166 1229 4216 Arl-

56 4245 201 4309 utriusque
216 4252 315 4308 poetae
334 4245 371 4294 ait
387 4246 538 4293 diversum.
557 4243 616 4294 l'id.
668 4242 787 4289 dendum
817 4245 877 4287 erut
906 4251 1054 4301 pronomen
1084 4236 1146 4298 illo,
1183 4234 1228 4285 vel

57 4311 152 4362 ciart.
171 4312 203 4361 ad
225 4313 275 4359 loe.
295 4311 376 4360 lliud.
393 4311 432 4360 1.“
452 4311 537 4360 zius.
667 4325 728 4367 ruo,
755 4313 785 4354 ut
808 4324 831 4353 c.
853 4306 889 4353 11.
909 4306 925 4365 §
945 4307 984 4351 16.
1002 4309 1030 4352 et
1049 4319 1074 4352 e.
1094 4306 1133 4351 15.
1153 4302 1167 4365 ᾗ
1191 4307 1228 4362 1.;

91 4381 132 4426 ax.
177 4379 209 4427 de
240 4378 334 4442 Fumo]
371 4379 447 4427 llaec
481 4377 553 4427 inter
583 4392 615 4425 cu
668 4391 691 4422 c.
721 4377 757 4422 16.
781 4375 797 4434 §
819 4376 874 4429 123
900 4388 922 4419 c.
944 4375 983 4419 tt.
1002 4371 1055 4431 Μ.
1092 4370 1167 4430 ut.§
1185 4374 1227 4417 tu

55 4462 127 4511 qnae
143 4444 286 4493 horrerent
305 4450 497 4494 eornuroxcnnt
512 4459 615 4492 rxreuiu-
666 4441 713 4489 lroc
730 4458 781 4489 une
799 4447 835 4488 est
849 4439 990 4503 praecipue
1004 4453 1066 4486 arnam
1080 4437 1229 4499 urclretypo.

54 4521 117 4564 rntn
135 4519 199 4561 aunt
213 4512 255 4570 ll',
268 4515 294 4562 5.
315 4516 353 4560 11.
701 4510 744 4555 ill.
779 4523 828 4572 pro
847 4506 930 4554 milite
949 4501 1075 4566 minatur]
1098 4503 1115 4551 i.
1135 4519 1158 4551 e.
1176 4501 1228 4549 nri-

86 4585 128 4630 ³2.
147 4583 262 4639 suma..
269 4581 305 4643 fit
320 4580 391 4627 notio
403 4578 442 4625 rei
457 4577 509 4625 ium
523 4575 614 4640 cogni·
667 4589 763 4623 nneenr
791 4571 816 4621 ci
845 4572 961 4636 praeiret
990 4568 1130 4632 speciem.
1158 4583 1230 4630 quae

53 4649 106 4713 tue]
141 4647 221 4697 llnurl
250 4645 426 4710 probabilem
454 4659 516 4692 earn
543 4641 616 4692 lrnnc
668 4641 944 4704 decrtpugnanteni.
982 4636 1050 4684 narr·
1070 4638 1086 4695 ,ς
1105 4638 1146 4682 35.
1166 4650 1230 4696 pro-

51 4714 326 4782 urgumcntutioneux
343 4712 387 4762 vix
405 4717 448 4761 est
468 4710 539 4775 quod
558 4725 616 4759 rno-
667 4709 749 4756 hatur
767 4707 845 4754 locus
863 4703 909 4754 utri
929 4704 999 4752 linco
1023 4701 1152 4753 imitatur
1171 4700 1231 4750 l'ir-

52 4799 180 4836 neumua.
668 4775 757 4842 gilius
776 4772 804 4823 in
821 4772 917 4823 Turno
939 4776 1091 4836 pugnante,
1110 4768 1158 4820 aad
1178 4767 1231 4820 iru-

1026 4840 1076 4908 28
