2812 5242
281 482 643 551 SATURNALIORUM
660 482 738 548 Llu.
758 483 827 550 Vll.
848 484 938 551 GAP.
956 486 1013 552 IX
1166 488 1229 554 605

57 662 163 720 ventre
185 661 343 717 nascentes
365 652 461 718 vicem
480 651 595 737 inplent
616 651 794 727 listulamm,
813 652 1032 737 spiramentum
1054 653 1227 720 sensificum

57 742 169 804 adsue
190 757 331 821 quaeque
353 737 419 800 loca
441 737 569 800 naturali
591 737 657 820 lege
679 738 833 814 ducentes,
852 745 887 801 ut
906 758 1029 802 sensum
1050 738 1157 804 ricinis
1179 745 1281 822 cusat]

58 825 148 907 longe
171 823 277 907 positis
301 821 445 885 membris
474 821 614 886 animalis
640 820 808 887 infundant
851 822 954 885 Prima
977 822 1070 906 igitur
1094 824 1277 905 ovrvptaul

60 930 222 973 nervorum
247 907 351 970 talium
371 905 448 990 petit
469 906 584 980 oculos,
605 915 635 969 et
652 905 705 968 dat
726 906 783 969 illis
802 907 986 988 agnitionem
1006 907 1175 990 specierum
1199 916 1230 971 et

59 993 271 1057 discretionem
296 991 448 1054 colorum:
479 990 613 1054 secunda
638 988 668 1053 in
696 1010 785 1053 aures
811 1010 844 1052 se
866 990 1026 1066 diffundit,
1062 1012 1115 1076 per
1136 1012 1227 1075 quam

58 1080 102 1143 eis
125 1077 291 1142 innascitur
313 1075 420 1139 notitia
441 1094 601 1139 sonorum:
624 1074 714 1137 tertia
734 1074 858 1138 naribus
878 1075 1037 1151 inseritur,
1056 1076 1117 1141 rim
1140 1075 1228 1139 mini-

59 1174 158 1228 strans
180 1160 343 1225 odorandi:
367 1167 476 1243 quarta
498 1159 632 1243 palatum
655 1165 753 1235 tenet,
777 1179 840 1243 quo
861 1159 900 1223 de
922 1159 1094 1243 gustatibus
1116 1159 1229 1225 iudica-

60 1259 126 1314 tur:
148 1247 254 1331 quinta
277 1245 303 1308 vi
325 1265 379 1308 sua
400 1263 490 1306 omne
509 1262 620 1327 corpus
643 1241 753 1326 inplet,
780 1243 880 1306 omnis
902 1244 981 1307 enim
1001 1265 1071 1328 pars
1091 1245 1228 1329 corporis

61 1333 162 1398 mollia
192 1339 223 1394 et
251 1348 372 1412 aspera,
405 1326 513 1410 frigida
540 1337 571 1391 et
598 1326 695 1392 calida
722 1327 875 1390 discernit
919 1328 1008 1392 Sexta
1032 1329 1070 1392 de
1103 1328 1279 1395 cerebroll

61 1437 164 1482 means
189 1412 378 1478 stomachum
408 1412 496 1497 petit,
529 1411 577 1475 cui
607 1410 736 1475 maxime
764 1431 870 1475 sensus
897 1420 944 1476 est
964 1414 1164 1491 necessarius,
1193 1421 1230 1478 ut

62 1522 141 1586 quaa
162 1499 273 1562 desunt
293 1497 429 1580 adpetat,
463 1496 616 1580 superllua
639 1503 779 1579 respuat,
814 1504 846 1559 et
870 1495 900 1557 in
927 1496 1049 1561 bomine
1072 1498 1176 1563 sobrio
1196 1518 1230 1563 se

62 1589 127 1673 ipso
156 1583 342 1649 moderetur.
405 1582 539 1665 Septima
574 1580 709 1662 antaplon
744 1599 907 1643 nervorum
943 1581 1073 1646 infundit
1106 1603 1229 1648 sensum

63 1670 170 1756 spinuli
195 1666 361 1743 medullae,
394 1686 473 1750 quae
498 1665 557 1729 boc
576 1673 624 1728 est
644 1663 766 1729 animali
833 1663 872 1727 od
896 1673 943 1728 est
964 1666 1031 1732 navi
1054 1667 1172 1745 carina,
1200 1673 1232 1730 et

61 1757 138 1820 adeo
158 1774 218 1817 usu
236 1759 295 1816 aut
315 1750 461 1834 dignitate
487 1752 651 1835 praecipua
672 1758 718 1814 est
740 1756 776 1812 ut
805 1768 919 1832 ongum
945 1751 1102 1815 cerebrum
1126 1773 1144 1815 a
1166 1771 1229 1814 me·

60 1841 135 1906 dicis
157 1839 197 1902 sit
216 1843 331 1902 vocata
375 1836 421 1897 Ει
442 1834 499 1897 bac
521 1835 668 1917 denique,
691 1841 727 1898 ut
749 1853 786 1896 er
805 1834 945 1910 cerebro,
968 1835 1078 1899 diversi
1098 1841 1281 1907 mooun-23

60 1936 112 1991 tur
134 1931 251 1987 meatus
281 1921 423 1984 virtutem
446 1919 544 1983 tribus
573 1918 692 1982 animae
713 1917 877 2001 propositis
900 1918 1114 1985 ministrantes.
1159 1920 1230 1984 Tria

60 2019 133 2075 sunt
154 2009 249 2082 onim,
284 2025 363 2152 puae
394 2024 429 2067 er
452 2004 571 2067 animae
599 2001 789 2087 providentia
811 2001 923 2149 accipit
943 2023 1055 2087 corpus
1077 2004 1229 2068 animalis:

59 2104 96 2159 ut
113 2095 207 2168 vivat,
229 2100 264 2154 ut
306 2110 396 2153 ecore
416 2088 512 2164 vivat,
539 2096 571 2152 et
586 2094 621 2151 ut
640 2086 841 2151 inmortalitas
863 2086 904 2149 ili
923 2088 1116 2152 successione
1136 2108 1228 2172 quae-

60 2189 153 2244 ratur.
197 2176 253 2240 llis
273 2175 369 2237 tribus
389 2172 572 2258 propositis,
602 2178 638 2236 ut
666 2170 742 2247 dixi,
774 2170 893 2234 animae
921 2191 975 2255 per
996 2172 1143 2257 spinalem
1166 2177 1280 2242 naa-aa

61 2264 174 2328 dullum
205 2259 369 2344 praebetur
395 2258 530 2321 effectus.
574 2256 651 2322 Nam
679 2254 764 2319 cordi
792 2263 824 2318 et
845 2254 938 2319 iecori
966 2263 998 2320 et
1020 2257 1152 2342 spirandi
1174 2257 1229 2321 mi-

61 2347 209 2420 nisteriis,
244 2361 324 2426 quae
343 2340 446 2404 omnia
469 2342 506 2404 ad
529 2340 691 2406 vivendum
710 2338 878 2423 pertinent,
904 2339 983 2404 vires
1003 2342 1042 2406 de
1064 2343 1230 2428 spinalibus

61 2451 140 2514 quos
166 2427 227 2491 dixi
261 2425 410 2489 meatibus
440 2424 664 2488 ministrantur:
697 2424 798 2487 nervis
829 2424 919 2488 etiam
949 2446 1093 2490 manuum
1117 2427 1229 2512 pedum

60 2515 225 2580 aliarumve
247 2510 394 2594 partium,
430 2529 484 2593 per
505 2529 581 2593 quas
602 2509 713 2573 decore
729 2508 853 2585 vivitur,
885 2509 982 2575 virtus
1004 2509 1075 2573 inde
1097 2519 1230 2595 praesta·

61 2610 124 2664 tur:
156 2606 187 2662 et
212 2603 248 2661 ut
273 2616 309 2659 ex
334 2594 381 2658 his
403 2593 556 2658 successio
584 2601 780 2677 procuretur,
815 2593 898 2657 nervi
929 2614 965 2658 ex
989 2594 1094 2659 eadem
1121 2595 1229 2679 spinali

61 2683 194 2748 medulla
216 2678 366 2766 pudendis
384 2686 416 2741 et
434 2678 568 2753 matrici,
593 2685 630 2742 ut
654 2698 744 2742 suum
766 2697 846 2762 opus
867 2677 1010 2763 inpleant,
1032 2679 1269 2765 ministranpaae

61 2780 120 2833 tur.
166 2770 211 2831 lta
241 2765 322 2828 nulla
347 2764 377 2827 in
402 2761 526 2827 bomine
547 2782 616 2858 pars
639 2763 776 2846 corporis
798 2762 863 2826 sine
885 2763 1069 2846 spiramento
1093 2764 1175 2862 quod
1197 2764 1228 2827 in

61 2862 165 2917 ventre
184 2850 298 2915 cerebri
319 2850 451 2913 locatum
472 2854 519 2911 est
538 2855 569 2912 et
587 2866 652 2910 srne
672 2847 796 2931 spinalis
816 2847 967 2912 medullae
986 2848 1133 2913 beneficio
1155 2870 1228 2913 eon·

61 2947 129 3002 stat.
174 2937 223 3003 Sic
250 2955 322 3018 ergo
342 2934 376 2998 su
396 2940 444 3008 ut,
477 2953 547 2996 cum
566 2931 667 3017 ipsum
691 2933 849 2997 cerebrum
869 2953 961 2998 sensu
987 2942 1101 3010 careat,
1122 2954 1229 2998 sensus

61 3031 162 3086 tamen
187 3043 203 3085 a
228 3020 352 3083 cerebro
372 3018 402 3082 in
422 3037 513 3081 omne
536 3037 589 3080 cor
611 3036 648 3081 us
669 3017 887 3101 proficiscatur.
930 3019 1034 3102 Euge,
1058 3019 1229 3084 Graeculus
1239 3019 1281 3084 ab

61 3117 181 3184 noster,
207 3105 383 3187 Euangelus
405 3102 462 3178 ait,
485 3111 545 3166 tam
568 3038 657 3187 pldne
676 3103 765 3167 nobis
786 3101 920 3167 ostendit
944 3122 992 3164 res
1012 3110 1120 3185 opertu
1140 3108 1229 3166 natu·

61 3213 111 3256 rae
136 3200 244 3268 tectas,
280 3199 315 3255 ut
338 3186 484 3275 quicquid
511 3208 612 3252 sermo
639 3185 799 3272 descripsit
823 3184 920 3251 oeulis
944 3184 1044 3250 videre
1064 3184 1229 3251 videamur.

857 3352 926 3405 udo.
947 3352 1163 3422 ricubgapdab]

59 3445 101 3491 20.
133 3441 237 3504 Septem
258 3454 336 3503 crgo
355 3437 730 3505 P.-lcgepcaitisd.-
750 3437 868 3487 animoli
886 3437 956 3487 llrl.
1056 3441 1098 3489 al.
1128 3440 1158 3489 d'
1180 3457 1231 3490 un-

61 3510 146 3559 ditnr
163 3518 231 3568 ιιιιιι.
251 3509 290 3561 se)
308 3504 363 3552 ι-Ιι.
388 3530 414 3539 -
447 3506 521 3569 quod
540 3506 572 3554 de
590 3504 624 3555 ll.
660 3505 729 3572 quod
750 3513 797 3554 cst
816 3504 845 3553 A.
873 3529 904 3541 -
930 3506 1146 3572 gustantibusd
1171 3533 1232 3556 .—

60 3591 154 3640 corpus
174 3587 248 3622 omne
265 3586 325 3634 bg.
343 3596 376 3605 —
400 3572 484 3618 omnis
499 3586 564 3636 porr
582 3575 650 3629 (om.
670 3573 752 3629 carim)
772 3571 837 3622 Sel·
860 3598 892 3608 -
917 3573 1081 3624 discernunt
1097 3578 1184 3632 (corr.
1203 3572 1231 3624 in

61 3645 95 3701 n)
115 3641 145 3689 Α.
248 3640 290 3686 23.
324 3637 471 3685 excerebro
489 3643 564 3701 (sup.
582 3637 646 3686 aad.
666 3643 709 3695 ut)
737 3637 771 3687 Η.
807 3646 835 3689 ut
861 3640 962 3690 cerebro
985 3642 1115 3704 (omer)
1144 3657 1167 3690 r.
1197 3666 1231 3678 «-

60 3726 153 3775 eorpus
173 3701 337 3756 animales·
443 3706 485 3751 Ἦ.
513 3704 657 3755 ministerii
675 3721 700 3755 r.
722 3729 754 3741 -
781 3712 809 3757 et
828 3706 976 3772 spinalibus
995 3707 1024 3756 b.
1058 3723 1095 3756 es
1115 3707 1184 3772 apin.
1202 3721 1231 3770 g.

63 3805 85 3813 -
117 3776 244 3826 dirimas
262 3770 359 3835 dSr·g
386 3796 415 3805 -
442 3777 470 3820 ut
492 3776 561 3830 (om.
580 3777 619 3830 ct)
639 3771 657 3822 l.
677 3797 705 3806 -
730 3786 760 3821 ex
777 3771 818 3821 lais
837 3789 891 3822 ιιιιι.
909 3772 986 3823 Alis.
1010 3799 1041 3809 -
1064 3778 1232 3837 procuratur

59 3843 121 3893 cali.
146 3869 178 3879 -
202 3842 296 3892 ctiam
314 3835 419 3887 matrici
435 3851 459 3885 v.
563 3841 604 3887 25.
638 3838 714 3887 nullu
739 3846 785 3888 cat
803 3856 859 3905 a-p.
889 3838 1013 3906 „Expuli
1032 3838 1146 3889 verbum
1165 3836 1231 3889 snb·

59 3909 209 3961 atlanticum
229 3906 300 3971 qnod
321 3898 433 3967 posted
453 3903 530 3953 trulla
550 3903 712 3953 adiecerant
731 3903 840 3967 novitii,
858 3911 975 3968 tantum,
994 3905 1104 3971 opinor,
1122 3905 1155 3955 ad
1173 3912 1232 3955 tur·

60 3979 110 4027 baa
130 3972 375 4025 ciendos-“Grau
402 4035 409 4049 ο
476 3972 519 4021 26.
549 3983 617 4019 rrrre
635 3969 666 4021 Α.
701 3986 755 4019 orn.
774 3970 855 4021 S.-
881 3973 1014 4039 plencd.
1042 3999 1071 4009 -
1107 3978 1231 4087 perteg

60 4045 88 4095 iu
108 4060 163 4109 mg.
182 4069 214 4079 -
237 4054 364 4089 sermone
383 4036 477 4103 rrclrg.
579 4039 621 4086 2⁷.
651 4036 753 4088 colunt
773 4037 801 4090 S.
820 4067 853 4077 -
873 4056 943 4089 nem
958 4046 1051 4106 posteo
1070 4037 1127 4088 al.

90 4199 134 4244 20.
169 4189 305 4254 animalis]
334 4188 351 4238 i.
373 4205 397 4238 e.
419 4185 558 4252 corporis,
587 4190 618 4236 ut
669 4185 694 4236 ei
717 4195 843 4239 naturam
863 4205 942 4256 quern
966 4189 1068 4240 cerebro
1089 4189 1230 4257 colligunt,

59 4281 81 4313 c.
108 4265 138 4322 4,
165 4260 177 4324 5
201 4264 255 4319 ll„
285 4273 338 4320 qun
361 4271 423 4305 cum
445 4255 505 4304 loco
524 4253 617 4303 conta·
668 4256 791 4318 quoniam
821 4256 961 4322 praetenui
992 4257 1048 4306 eius
1078 4259 1230 4310 membrana

58 4329 224 4380 rendarunt
243 4323 465 4386 eliamcaquao
485 4322 618 4388 leguntur
668 4321 847 4372 modoiucisa
870 4325 959 4373 statim
984 4325 1137 4390 exspiretur,
1174 4324 1229 4376 No·

58 4399 131 4459 §⁸²²-
150 4395 184 4444 de
202 4389 341 4443 atorrraclri
359 4406 452 4439 ιιιιιιιι.
668 4402 731 4438 meu
753 4388 823 4440 illud
843 4406 979 4454 nusquam
998 4390 1101 4442 inveni.

71 4466 133 4537 ,ῃ
182 4462 291 4525 ¹⁰”g'm'
332 4455 474 4535 ‘mlmffl
517 4453 617 4533 &lm
703 4481 745 4528 23.
780 4481 932 4547 propositis]
960 4481 979 4533 i.
1001 4498 1026 4532 e.
1053 4479 1157 4532 officiis
1184 4479 1228 4530 rel

58 4529 130 4589 llll,
145 4531 167 4585 l,
187 4544 213 4592 p.
230 4531 294 4603 500.Ι
314 4524 356 4572 ed.
371 4523 433 4588 Brp.
455 4524 513 4586 Quo
525 4536 618 4601 aprpoe
670 4545 803 4610 negotii.-

56 4595 174 4648 medulla
219 4593 324 4656 inquit,
354 4591 456 4640 cerebro
482 4604 618 4639 commissu
808 4630 813 4642 ,
1145 4629 1152 4642 ‚

56 4633 206 4721 dumph-2,
226 4654 617 4718 eppppnpmgflffi’ffl,
702 4629 872 4693 successione]
909 4647 958 4695 pro
994 4630 1093 4710 subole
1124 4629 1229 4680 drclurn

56 4749 78 4782 ι.
94 4736 135 4780 θϊ.
159 4730 207 4780 l'er
227 4726 313 4777 media
328 4726 466 4788 foramina
483 4740 500 4773 ιι
516 4722 617 4772 cerebro
668 4701 720 4755 ‘¹⁸⁹
740 4702 770 4746 '¹‘
789 4695 820 4745 Μ
839 4696 911 4762 ‘'Pl‘'
932 4704 1113 4748 '‘l‘nlffll'e'·

55 4799 173 4848 medulla
201 4794 376 4847 descendente.
417 4791 535 4843 Eandem
563 4804 618 4849 erse
701 4789 744 4836 26.
784 4786 872 4855 linge]
899 4794 942 4839 eat
964 4786 1123 4840 interiectio
1146 4787 1231 4839 l‘lau·

1297 4908 1349 4926 -
